2778 4922
250 529 292 586 eo
639 517 869 591 ANTIOPI.

251 703 374 762 Amans
388 701 503 778 quietio
518 702 643 760 unimus
657 710 689 759 tt
707 703 822 758 ααιίαἰα
837 699 942 759 boma
964 702 1008 764 Et
1029 702 1160 760 civitati
1167 721 1176 759 .·
1203 704 1258 780 qui

251 791 355 856 volet,
374 788 507 866 samam
527 788 590 846 eibi
613 791 759 867 Quaerat
772 789 910 862 periclis
917 809 929 859 ;
957 806 1016 864 ego
1036 807 1093 844 neo
1113 789 1258 846 audaces

252 876 346 932 nimie
373 876 524 942 Nautes,
559 894 617 932 neo
649 871 738 932 urbis
760 873 927 946 praesides
956 871 1170 934 laudaverim.
1218 875 1258 933 At

251 954 361 1024 otest?
376 979 442 1017 esse
464 961 590 1034 αἰνεῖτε,
615 958 738 1019 monuit
757 955 896 1021 Erfurdt
913 959 949 1016 in
963 957 1066 1016 diario
1080 956 1144 1017 len.
1166 961 1256 1018 1811.

251 1065 284 1104 n.
301 1064 351 1120 ¹7·
368 1043 408 1103 ad
422 1043 519 1125 Soph.
536 1044 585 1105 di.
602 1063 674 1122 ¹90·
688 1065 719 1124 p.
733 1043 806 1104 518.
832 1043 881 1104 Ad
892 1045 1077 1104 sententium
1092 1043 1133 1102 of.
1149 1043 1258 1127 Suppl.

276 1174 283 1189 .
321 1133 393 1190 οδε
437 1173 446 1190 .

250 1151 272 1210 p
300 1134 362 1378 ⁵dAd
380 1149 463 1330 iddio
482 1232 747 1294 concertationem
764 1232 874 1294 dubito
898 1251 939 1292 en
958 1231 1041 1292 illud
1060 1231 1153 1292 etiam
1172 1233 1256 1295 refe·

250 1337 309 1378 ren
332 1339 384 1377 um
411 1325 454 1376 eit

314 1419 714 1538 xxxv11.(xxxvn1)
734 1433 878 1496 Philostr.
903 1433 1256 1514 Vit.soph.11,4.27,

251 1541 282 1604 p
296 1521 370 1580 6ι8.
391 1519 463 1599 μελε
464 1541 515 1598 της
537 1514 609 1583 di‘
593 1544 609 1583 o
621 1514 879 1623 “Ιππα’ὅραμας”
844 1543 911 1584 αντε
933 1522 967 1585 ἕν
989 1517 1075 1604 α’γρῷ
1097 1479 1256 1602 dudardus·

251 1631 304 1682 νος
324 1602 484 1688 ἠαέλει”
449 1629 518 1670 oute
540 1599 719 1685 ὁδοιπορῶν,
756 1603 823 1671 οὔτε
848 1607 881 1668 ἐν
904 1606 1069 1708 Θετταλίᾳ,
1100 1603 1180 1668 ἀλλὰ
1207 1606 1258 1669 nui

251 1703 429 1799 κρεῖττον
448 1687 583 1800 difuit
590 1694 714 1772 κτῆμα
732 1687 887 1754 ἐκάλει’
848 1687 944 1772 αυτὴν
961 1693 994 1754 ἒκ
1014 1696 1072 1755 τῶν
1086 1687 1257 1774 Εὐριπιδου

251 1803 285 1842 τε
305 1771 405 1860 dutus·
427 1801 478 1839 και
469 1777 660 1858 Αμφὶανος
692 1777 821 1838 Numeri
836 1779 919 1836 enim
936 1779 1083 1838 videntur
1096 1797 1161 1838 esse
1175 1779 1255 1836 ieni-

250 1865 325 1926 bioi
353 1863 503 1923 Valcken.
495 1884 549 1941 ..p
566 1861 617 1922 66.
638 1861 820 1930 „Feceritne
834 1866 927 1922 etiam
943 1863 1123 1945 Euripides,
1142 1864 1254 1943 inquit,

250 1950 285 2011 iu
308 1951 443 2029 Antiopa
463 1951 580 2008 laetum
599 1948 776 2030 Amphiona
796 1950 947 2028 hymnum
969 1973 992 2010 e
1009 1971 1127 2030 paeana
1141 1967 1255 2009 canen-

250 2049 324 2112 tem,
338 2055 410 2102 non
418 2044 533 2094 temere
542 2034 692 2112 dixerim
715 2046 747 2095 et
760 2035 820 2095 hoc
836 2045 940 2096 tamen
957 2036 1069 2140 aliquis
1082 2037 1255 2116 suspicare·

249 2135 302 2184 tui
318 2132 349 2181 et
362 2123 420 2180 ista
432 2120 612 2180 Philostrati
627 2130 685 2182 etc.
706 2121 859 2202 Musgrav.
872 2112 996 2183 dedit
972 2150 998 2186 ω
1012 2131 1145 2204 κρεῖττον
1160 2118 1255 2208 ὄλβου

249 2210 359 2290 κτῆμα
381 2215 520 2289 κρεῖσσον
536 2207 666 2268 dixisset
679 2203 854 2288 Euripides.
877 2209 1008 2269 Seidler.
1027 2211 1101 2270 citat
1116 2207 1254 2271 Eusteth.

248 2315 280 2376 p.
270 2293 454 2374 ..1192‚48
473 2293 522 2352 ed.
539 2291 630 2352 Rom.

316 2394 484 2473 Sequentia
505 2413 566 2472 quo
585 2395 780 2474 pertineant,
808 2415 872 2454 non
894 2394 1045 2469 dixerim,
1070 2415 1254 2475 quemquem

250 2481 413 2542 nonnullis
436 2478 523 2538 sedes
543 2483 614 2540 satis
637 2481 800 2542 commoda
822 2481 968 2560 assignari
988 2491 1108 2562 potest,
1126 2501 1191 2542 non
1206 2493 1253 2543 ta·

142 2619 146 2626 .
250 2587 324 2628 men
338 2567 399 2642 ita,
421 2575 535 2625 utnon
550 2565 612 2626 elio
624 2587 745 2647 quoque
761 2569 923 2628 commode
937 2569 1059 2630 referas

249 2771 276 2832 G
314 2686 480 2748 XXXVIII.
515 2682 608 2764 (IV.)
654 2683 740 2746 stob.
770 2684 820 2752 tit.
851 2703 878 2745 ι.
913 2705 945 2766 p.
975 2703 1003 2750 1.
1041 2683 1131 2746 Gesn.
1162 2707 1194 2768 p.
1225 2687 1254 2747 5.

278 2782 336 2834 rot.

298 2893 453 2976 Τρεῖς
479 2887 585 2953 εἰσὶν
611 2885 764 2972 ἀρεταὶ,
804 2885 872 2963 τὰς
899 2887 1016 2972 ἐχρῆν
1041 2881 1075 2950 o'
1097 2883 1253 2966 ἀσκεῖν,

872 2976 1030 3050 τέκνον,

333 3050 654 3141 eteodenwinde,
678 3053 769 3132 τούς
791 3082 831 3126 τε
852 3055 1053 3138 φύσαντας
1074 3068 1211 3139 γονεῖς,

332 3143 475 3225 νόμους
492 3169 532 3209 τε
548 3139 703 3218 κοινοὺς
716 3139 906 3220 Ελλάδας
936 3146 1134 3210 καὶταῦτα
1153 3142 1255 3227 δρῶν

333 3227 551 3298 κάλλιστον
569 3226 673 3308 ἕξεις
692 3233 891 3312 στέφανον
907 3227 1125 3306 εὐκλείας
1106 3237 1175 3294 uei.

254 3353 334 3414 'Pria
349 3353 437 3410 iusta
445 3352 527 3426 ,I'fi
513 3375 545 3422 α,
560 3363 591 3410 te
600 3371 798 3430 peraequum
813 3363 859 3410 est
872 3351 1015 3423 discere,
1036 3353 1122 3412 Deos
1137 3356 1252 3426 vereri,

249 3438 363 3498 deiude
378 3440 638 3517 genitoreetuoe,
664 3442 743 3500 Τααι
763 3448 878 3500 saucia
896 3437 1046 3498 Graiis
1032 3458 1118 3498 eura.
1159 3440 1254 3517 Quod

248 3547 278 3584 ει
273 3525 434 3605 ’[εεενίε,
457 3525 532 3584 Stat
545 3524 688 3598 pulchra
711 3527 773 3586 u'bi
792 3545 907 3585 corona
923 3527 1060 3584 rumoris
1076 3524 1157 3583 boni.
1197 3522 1252 3580 Vi·

248 3613 362 3671 dentur
386 3629 451 3670 esse
474 3611 568 3670 verba
586 3610 734 3690 Antiopes
757 3613 796 3672 ad
818 3609 966 3670 Zethum:
993 3631 1066 3668 nam
1081 3607 1253 3688 Amphioni

248 3695 629 3799 hocp1aecip1v1xopus
647 3707 723 3760 eret.
760 3697 797 3759 V.
820 3716 847 3758 1.
871 3698 1043 3776 legebatur:
1073 3693 1192 3775 αρεταὶ,
1216 3689 1269 3768 ἅς·

249 3775 354 3880 χρήα
369 3781 488 3887 ἀσκεῖν,
505 3771 528 3844 ὦ
544 3785 657 3846 τέκνον.
690 3782 786 3848 Paris
810 3778 864 3855 τὰς
886 3779 943 3866 χρή
964 3806 983 3844 σ
1011 3777 1114 3845 αακεῖν
1138 3784 1252 3855 τέκνον,

249 3869 361 3927 omisso
382 3858 425 3942 ὦ,
454 3869 536 3943 quod
561 3869 647 3928 deest
673 3870 764 3930 etiam
785 3871 820 3928 in
844 3868 987 3928 Trincav.
1027 3865 1107 3925 Hinc
1128 3866 1251 3926 Grotius

251 3952 350 4011 edidit
357 3948 554 4032 ,-αρεταὶ,
589 3951 690 4056 enodi
709 3950 763 4038 χρή
784 3978 804 4018 e
807 3950 953 4025 ’doustm
975 3955 1094 4026 τέκνον,
1121 3952 1251 4012 Seidler'·

251 4035 410 4116 edEurip.
425 4034 473 4096 El.
489 4055 592 4115 292·
606 4036 754 4122 -ἆρεταὶ,
786 4035 821 4115 αἷς
842 4041 958 4124 ἐχρῆν
951 4041 983 4104 α’
1001 4038 1030 4100 ἀ
1052 4065 1078 4102 τ.
1114 4040 1203 4122 ε’χαῆα
1224 4039 1250 4096 si

251 4143 360 4182 verum
383 4130 445 4196 est,
470 4123 638 4201 significat,
662 4146 750 4201 eum,
783 4148 873 4206 quem
889 4126 1063 4187 hunverbis
1074 4127 1249 4207 alloquitur

254 4207 392 4277 debuisse
415 4207 540 4288 quidem
562 4209 622 4272 hoc
640 4211 762 4291 facete,
797 4214 936 4274 sednon
957 4213 1078 4274 iecisse.
1121 4211 1187 4272 Vid.
1210 4211 1249 4270 nd
