2818 4924
235 447 275 526 ιε
665 450 802 516 loos.
890 433 893 440 ’

234 643 310 685 vero
344 638 410 682 non
445 622 488 681 ita
526 621 713 682 dicendum
727 623 837 682 fuisset
871 620 1009 706 ὁμολογῶ
1047 621 1082 688 di
1121 619 1239 688 ἇδιιιεῖν
1273 685 1277 695 ,

234 733 285 784 σε,
321 709 436 787 fateor
468 727 518 766 me
559 710 620 766 tibi
652 711 808 770 iniuriam
824 709 982 787 secisse,
1025 712 1079 768 ubi
1110 734 1147 790 pe
1183 713 1240 770 ed-

235 796 308 854 dere
330 815 393 852 non
412 793 515 854 solent
534 793 653 854 Graeci.
695 792 730 852 V.
753 811 782 852 2.
805 795 897 860 Gesn.
920 793 955 860 τὸ
980 789 1115 878 ἆὸιιιημ.
1159 795 1239 855 Gro-

235 883 296 941 tius
328 901 345 938 e
375 879 467 940 Poris.
496 882 533 938 A.
563 881 696 939 inseruit
723 875 757 942 δ’
775 882 857 957 quod
886 881 971 940 idem
1002 891 1048 940 est
1078 883 1112 940 in
1142 881 1239 940 Trin-

235 987 302 1028 εει.
341 965 419 1026 lbid.
443 965 592 1044 Musgrav.
616 966 664 1025 ed.
686 965 740 1028 οὐκ
760 958 925 1042 ἀκονσιον,
956 965 1014 1028 heo
1036 969 1240 1026 annotatione

234 1052 388 1111 subiecta.
432 1051 491 1109 Pro
520 1047 577 1114 οὖν
609 1042 754 1116 ἆνουσιον
790 1073 894 1111 sensus
927 1053 1085 1131 postulare
1117 1055 1241 1112 videtur

192 1153 196 1161 ’
235 1133 290 1220 οὐχ
311 1130 459 1200 ἑκούσιον.
501 1137 541 1194 At
568 1136 663 1194 hoo
654 1157 756 1214 ipsum
786 1136 849 1196 iem
877 1140 1044 1198 exstabat
1036 1159 1070 1197 in
1093 1137 1240 1199 Trincev.

235 1225 361 1282 Gesner.
381 1223 466 1281 Grot.
485 1232 516 1280 et
536 1223 619 1301 apud
639 1221 762 1282 Barnes
785 1222 908 1282 Ruhnk.
927 1225 1014 1303 epist.
1035 1221 1239 1304 critp.175.

236 1317 395 1388 comparat
422 1309 500 1366 haec
528 1329 597 1368 oum
627 1306 808 1368 Callimachi
838 1312 932 1390 epigr.
956 1313 1006 1368 ῖιίι.
1036 1331 1066 1374 v.
1089 1310 1119 1368 3.
1148 1319 1180 1370 et
1209 1311 1239 1369 6.

235 1395 325 1466 Quod
355 1413 430 1453 vero
460 1395 534 1453 ibid.
561 1405 666 1454 namt
697 1393 842 1453 Piersono
867 1397 926 1456 hoo
948 1415 1054 1456 versus
1084 1396 1123 1454 ob
1153 1396 1238 1454 solu·

235 1483 330 1540 tiores
354 1500 500 1539 numeros
523 1481 641 1538 Comici
666 1481 823 1539 cuiusdam
846 1481 929 1541 visos
951 1501 1026 1558 esse,
1049 1499 1114 1539 non
1137 1484 1239 1540 minus

214 1568 329 1626 ‘soluti
350 1576 422 1624 sunt
443 1586 549 1626 versus
571 1567 712 1646 plerique
735 1564 866 1629 Orestis.

300 1705 339 1759 ll.
366 1698 458 1808 (ΙΙΙ.)
487 1699 583 1760 Clem
604 1701 690 1760 Alex.
713 1701 826 1760 Strom.
848 1701 955 1778 Vll.p
958 1683 1059 1776 ,νιν
1080 1700 1129 1762 ed.
1152 1699 1240 1779 Sylb.

235 1813 269 1854 ευ
254 1776 324 1850 δὲ
346 1780 434 1866 καὶὴ
457 1783 531 1896 αὐτὴ
553 1788 630 1865 (ling
654 1781 784 1890 ηΑὕγη.
807 1807 834 1846 v
852 1783 960 1845 Valck.
982 1787 1074 1846 distr.
1097 1807 1127 1865 p.
1145 1785 1238 1864 164)

235 1870 503 1975 δικαιολογουμένη
533 1866 611 1954 πρὸς
645 1873 702 1948 τὴν
731 1869 915 1956 Ἀθηνᾶν
900 1874 950 1936 επὶ
980 1897 1021 1954 τῳ
1007 1871 1241 1954 χαλεπαίνειν

237 1955 313 2049 αὐτῇ
334 1962 472 2044 τετοκυῖα
493 1961 525 2023 ἐν
546 1962 590 2042 τῷ
612 1958 684 2039 ἱερῳ
668 1954 803 2041 Ηλέγει·

278 2107 634 2124 ------
652 2075 774 2140 σκῦλα
796 2075 867 2155 μὲν
886 2075 1155 2184 βροτοφθόρα

277 2168 435 2264 χαίρεις
458 2159 572 2264 ὁρῶε’
593 2158 668 2225 ἀπὸ
699 2166 848 2264 respuis
870 2161 1045 2268 ἐρείπια,

278 2243 492 2329 κοῦμιαριὶ
519 2270 582 2346 ops
605 2242 715 2311 ταῦτ
733 2249 862 2310 ἐστιν·
902 2243 995 2312 sld‘
1013 2240 1111 2334 ἐγὼ”
1110 2271 1242 2326 senos,

278 2328 557 2396 dstvdvodd'‘
540 2333 623 2427 ηγῇ.

237 2453 363 2512 Lacera
392 2471 458 2508 mo
461 2463 588 2508 morum
617 2470 765 2526 corpora,
797 2448 905 2528 Spolia
934 2466 966 2510 et
993 2465 1126 2511 cruenta
1148 2451 1240 2509 dulce

238 2551 382 2615 spectare
404 2549 451 2594 est
471 2536 541 2592 tibi.
567 2538 704 2594 Nullum
724 2537 777 2596 hie
793 2541 936 2613 piaclum
960 2551 1024 2609 ειη
1061 2551 1096 2596 αι
1121 2557 1179 2614 ego
1212 2539 1242 2594 si

232 2627 356 2722 peperi,
375 2623 472 2701 nefas
494 2622 565 2678 Tibi
585 2623 725 2686 videtur.
756 2615 880 2683 Grotius
900 2625 934 2683 in
957 2619 1098 2704 Excerpt.
1119 2643 1148 2702 p.
1165 2621 1241 2698 375.

239 2711 293 2788 qui
313 2709 406 2770 metri
426 2725 519 2766 causa
532 2707 662 2785 scripsit
681 2705 801 2788 ὁρῶσα
808 2704 888 2772 νᾶπὸ
914 2711 1040 2790 νεκρῶν,
1077 2707 1160 2787 quod
1186 2727 1240 2767 re·

239 2804 361 2903 ceptum
385 2816 402 2852 a
425 2791 549 2851 Barnes.
572 2796 784 2872 proiectione
806 2796 891 2854 edila
912 2795 1026 2872 habens
1051 2792 1158 2854 Heelh.
1182 2813 1240 2850 em.

238 2881 289 2943 nai
308 2904 385 2961 osup.
408 2879 490 2961 quod
501 2879 764 2985 probattLobeck
785 2880 824 2939 ad
843 2879 937 2980 Soph.
961 2879 1097 2941 A1.306.
1136 2877 1241 2936 Valck.

131 2971 135 2980 ’
238 2967 327 3028 distr.
352 2967 374 3027 l.
400 2987 427 3028 ε.
456 2968 568 3048 χαίρεις
587 2961 716 3107 Ιὁρωσα,
747 2965 803 3028 τῶν
832 2957 943 3047 νεκρῶν
970 2967 1103 3067 ἐρείπια,
1139 2963 1242 3022 lacobs
1280 3009 1282 3012 .

237 3051 401 3114 Exerc.in
424 3071 482 3109 scr.
505 3048 882 3158 vet.l..p.21li.dpd›o
900 3048 962 3114 ἀπὸ
983 3045 1095 3114 νεκύων
1116 3051 1242 3128 ἐρείπια

238 3132 463 3244 Boissonmfad
446 3135 548 3237 ορῶσα
575 3139 712 3241 χαίρεις
712 3131 773 3199 ἀπὸ
805 3159 833 3202 ν.
862 3161 885 3200 s.
917 3147 1018 3214 recte3
1051 3135 1101 3194 vel
1132 3139 1242 3218 χαίρεις

238 3221 335 3306 ὄρῶσ’
356 3219 417 3283 ἀπὸ
445 3244 556 3283 νεκνων
582 3227 624 3302 ἐρ
650 3219 712 3286 ἀπό
740 3222 863 3300 quidem
893 3224 1005 3282 adduci
1033 3241 1095 3279 non
1117 3241 1244 3298 possum

241 3327 345 3370 errore
365 3308 487 3365 librarii
506 3317 607 3366 ortum
630 3329 710 3382 esse,
738 3311 796 3365 nec
817 3309 872 3370 uni
889 3310 1052 3376 convenit,
1078 3325 1172 3384 quum
1196 3329 1244 3367 ν’-ε

240 3397 321 3479 ιερῶν
325 3395 466 3496 ἐρείπια
491 3409 557 3450 non
585 3393 707 3454 diversa
735 3395 798 3451 sint
822 3413 839 3452 ι
863 3388 992 3468 σκύλοις
1035 3387 1072 3450 V.
1093 3389 1121 3449 3.
1158 3391 1245 3449 Grot.

239 3473 333 3564 μικρά
357 3499 416 3557 pro
446 3473 548 3558 μιαρά
578 3513 618 3524 -
658 3479 726 3538 Huc
747 3479 895 3538 Valcken.
923 3483 946 3538 l.
969 3501 994 3538 ε.
1023 3475 1120 3536 refert
1148 3477 1245 3534 etiam

238 3570 369 3648 glossam
390 3561 560 3642 Hesyoh.
543 3558 699 3648 απενὴσω,
721 3561 883 3650 ἀπέβαλες
915 3549 1086 3649 ΕὗριπΙδης
1100 3555 1199 3648 Αὔγῃ

303 3697 480 3779 111.(111.)
511 3697 596 3762 Stob.
619 3699 667 3758 tit.
691 3695 741 3756 61.
764 3720 795 3779 p.
821 3699 894 3778 387.
923 3698 1014 3760 Gesn
1038 3694 1089 3756 63.
1113 3717 1144 3774 p.
1170 3695 1244 3755 243.

240 3787 325 3847 Grot.
347 3796 379 3844 et
397 3784 491 3844 Gaisf.

321 3885 565 4002 ’‘inperat‘'
548 3917 657 3965 νστις
680 3917 727 3972 μη
749 3885 852 3955 θεὸν
874 3899 1003 3976 κρίνει
1024 3891 1160 3976 μέγαν,

323 4003 390 4042 και
413 3981 487 4042 τῶν
511 3974 695 4040 ἁπάντων
718 3975 959 4057 δαιμόνων
944 3981 1182 4077 νπέρτατον,

326 4058 660 4166 ἤσναιόςέντιν,
686 4057 899 4143 ἥναλῶν”
880 4085 1048 4144 απειρος
1068 4055 1117 4123 ὤν
1257 4131 1261 4138 ,

330 4146 399 4213 οὐκ
421 4144 504 4212 eide
525 4145 593 4210 τὸν
614 4147 804 4229 μέγιστον
826 4146 1056 4234 ἀνθρώποις
1076 4141 1189 4210 θεόν
