2778 4922
883 191 900 260 l

271 525 313 568 oo
416 534 420 550 ι
515 493 1032 564 AEOLUS.ALCMAEON.

360 671 481 734 XXVll.
510 669 653 753 (llllll.)
681 669 791 730 Suides
813 692 845 736 v.
870 667 979 752 κλῆρος
997 653 1119 751 Ἓρμοῦ.
1153 661 1281 724 Photius

277 784 308 841 p.
335 762 404 820 125.
442 759 545 818 Herm.
574 779 606 838 p.
632 755 702 834 169.
741 759 824 817 Pors.
851 749 1094 838 xlipoc‘anod.
1129 745 1283 832 συνήθεια

277 846 400 929 ἇρχαία·
437 842 570 927 ἔβαλλον
593 844 621 906 oi
641 840 818 924 κληροῦντας
839 845 882 914 είς
902 839 1009 922 ὑδρίαν
1032 838 1133 910 ἐλαίας
1157 833 1283 918 φύλλον,

276 926 296 994 ὅ
326 925 555 1014 προσηγόρευον
578 923 715 1009 Ἑρμῆν·
765 929 815 992 καί
851 929 973 1009 πρῶτον
1013 918 1135 1004 ἐξῄρουν
1173 921 1282 1001 (Suid.

277 1010 394 1098 ἔξνξρεο)
418 1017 522 1090 τοῦτο,
554 1011 645 1094 τιμὴν
666 1014 709 1094 τῷ
728 1014 796 1094 θεῷ
816 1006 930 1092 ταύτην
948 1007 1168 1089 ἀπονίμον·τες·-
1194 999 1284 1088 ἐλάμ-

276 1087 365 1185 χονεν
393 1098 427 1163 δὲ
451 1095 468 1161 ὁ
491 1095 566 1178 μετὰ
589 1095 643 1160 τόν
660 1092 751 1163 θεόν·
794 1094 966 1181 Εὐριπίδης
988 1097 1021 1158 ἓν
1042 1087 1148 1176 Αἰόλῳ
1168 1113 1285 1175 perpro-

279 1181 359 1252 νεύει
379 1186 431 1248 τοῦ
452 1185 549 1257 ἔθους
575 1177 691 1246 τούτου.

278 1297 502 1450 ΑἽΧΧἮΠ·
550 1301 683 1382 Hellch·
711 1297 879 1385 Ἀκραῐὲς,
923 1298 1068 1372 ἀσθενές.
1115 1290 1286 1380 Εὐριπίδης

310 1410 337 1449 ιο
358 1409 389 1468 ῳ.

675 1578 882 1608 -ιιιὴ-ὺ

514 1827 601 1908 EX
645 1819 1052 1912 ALCMAEONE.

279 2005 429 2108 Fabulae
448 2045 661 2116 argumentum
690 2038 835 2115 exposuit
860 2035 992 2097 Bentlei.
1021 2035 1109 2115 epist.
1136 2032 1176 2092 ed
1204 2033 1286 2098 Mill.

279 2147 310 2204 p.
331 2125 392 2200 467
416 2144 460 2202 sq.
486 2123 534 2184 ed.
558 2121 640 2202 Lips.
675 2125 916 2198 Alcmaeonem,
936 2141 1026 2199 quem
1044 2134 1140 2178 ansteo
1160 2134 1287 2178 coneor-

281 2223 385 2268 tornm
408 2212 564 2286 anguium
592 2222 623 2265 et
654 2211 836 2266 ardentium
856 2210 1026 2266 raedorum
1046 2206 1180 2264 verbero
1203 2225 1287 2264 nnn.

282 2315 377 2372 qnam
400 2296 572 2351 consistere
589 2305 797 2370 paterentur,
821 2295 997 2370 aliquando
1016 2293 1144 2350 tandem
1165 2292 1212 2348 ad
1229 2312 1287 2348 sa-

282 2401 357 2442 nam
379 2391 511 2436 mentem
539 2381 574 2436 in
603 2377 764 2454 Psophide
784 2381 951 2440 Arcadiae
973 2379 1114 2436 rediisse.
1136 2375 1284 2456 Apollod.

281 2464 343 2538 ΙΙΙ,
369 2482 397 2539 7.
418 2462 447 2524 5.
483 2459 677 2540 Ἀλκμαίωνα
709 2460 744 2526 di
778 2460 932 2545 μετῆλθεν
954 2459 1095 2542 Ἐριννὺς
1131 2463 1188 2526 τοῦ
1226 2486 1286 2543 μη·

283 2543 380 2630 τρῴοα
401 2541 506 2627 φόνου.
537 2548 587 2612 καὶ
607 2545 741 2629 μεμηνὼς
761 2553 878 2629 πρῶτον
899 2546 954 2628 μὲν
967 2550 1018 2620 ,εἰς
1034 2543 1189 2627 Ἀρκαδίαν
1209 2549 1287 2628 πρὸς

135 2636 137 2644 '
219 2709 221 2716 J
276 2632 394 2698 Ὀϊκλέα
418 2637 632 2716 παραγίνεται,
663 2635 782 2697 ἐκεῖθεν
804 2630 838 2697 δὲ
859 2636 901 2705 είς
927 2631 1061 2712 Ψωφῖδα
1080 2627 1156 2712 πρὸς
1177 2635 1287 2716 Φηγέα

250 2729 258 2746 “
281 2721 369 2800 (vid.
390 2719 430 2779 fr.
457 2717 508 2780 ΙΙΙ.
521 2721 545 2796 ).
582 2719 760 2800 καθαρθείς
781 2715 814 2782 dl
836 2715 897 2782 ὑπ’
913 2713 1007 2782 αὐτοῦ
1020 2715 1177 2802 Ἀρσινόην
1197 2729 1288 2800 γαμεῖ

281 2800 336 2886 τὴν
357 2797 466 2872 ναύτου
486 2807 656 2885 θυγατέρα.
698 2804 782 2880 ‚Hinc
804 2806 913 2864 ductus
937 2805 1060 2864 sebulee
1082 2807 1190 2862 titulus
1214 2801 1286 2868 ’Al-

281 2893 396 2968 enaim
415 2884 433 2950 ὁ
455 2884 506 2953 διὰ
532 2888 693 2970 Ψωφῖδος,
720 2899 975 2949 commemoratus
998 2892 1035 2950 eb
1057 2889 1210 2968 Hesychio
1230 2911 1285 2952 vv.

280 2972 432 3058 ἇρμαίνειν
447 2983 478 3034 et
499 2971 618 3054 ἀτενής.
650 2975 751 3034 Ceteri
769 2977 949 3056 simpliciter
964 2976 1145 3055 Ἀλκμαίωνα
1163 2985 1287 3035 vocant.
1347 3021 1356 3030 .

281 3060 350 3118 Huc
374 3063 468 3137 igilur
496 3061 661 3119 referende
686 3062 833 3120 videntur
859 3061 899 3124 lr.
924 3061 945 3120 l.
967 3060 1004 3120 ll.
1029 3062 1079 3120 lll.
1107 3062 1142 3119 in
1171 3063 1286 3138 quibus

281 3146 389 3204 caedes
399 3145 561 3224 Eriphyles
578 3146 685 3204 metris
700 3157 895 3221 memoretur,
912 3147 1001 3206 etiem
1016 3148 1123 3228 fragm.
1138 3165 1179 3205 ex
1190 3144 1286 3205 Ennii

281 3230 470 3289 Alcmaeone
490 3231 572 3308 apud
593 3230 787 3293 Ciceronem.
835 3231 906 3294 Vid.
931 3233 962 3296 P.
985 3233 1136 3294 Scriverii
1158 3232 1285 3294 collect.

148 3321 159 3330 '
282 3335 314 3393 p.
336 3335 354 3392 9
375 3334 419 3392 sq.
451 3314 554 3373 Bothii
574 3327 656 3396 poet.
683 3317 748 3376 Lat.
770 3318 883 3378 scenis.
908 3317 943 3393 V,
971 3336 996 3379 1.
1021 3340 1052 3398 p.
1076 3319 1113 3377 31
1140 3337 1186 3396 eq.
1222 3317 1285 3376 Fu·

282 3420 354 3459 rore
386 3412 560 3479 correptum
592 3423 627 3460 ea
658 3403 692 3459 in
721 3401 827 3462 sabula
852 3399 1068 3462 Alcmaeonem
1095 3404 1130 3462 in
1158 3422 1285 3461 scenam

280 3485 434 3566 prodiisse
458 3486 580 3564 colligas
601 3487 694 3562 etiem
718 3488 832 3548 e'locie
856 3487 1051 3548 Comicorum
1078 3488 1159 3568 epud
1184 3487 1286 3549 Bentl.

279 3571 303 3633 l.
328 3593 354 3634 c.
404 3571 472 3630 Alia
499 3573 635 3630 narratio
663 3583 708 3631 eet
736 3577 818 3652 apud
842 3574 984 3653 Apollod.
1013 3575 1033 3632 l.
1063 3593 1087 3632 c.
1116 3574 1155 3633 de
1183 3582 1286 3632 morte

281 3657 490 3730 Alcmaeonie,
520 3666 551 3715 et
571 3659 653 3738 apud
678 3659 808 3718 Peusen.
825 3657 902 3736 Vlll‚
918 3659 969 3729 24,
985 3661 1012 3718 4.
1034 3679 1064 3737 p.
1083 3659 1155 3718 646.
1176 3657 1284 3718 Kuhn.

279 3743 348 3818 (Cl'.
372 3742 483 3820 Hygin.
508 3743 570 3804 leb.
596 3743 690 3822 245.)
734 3745 796 3802 Sed
826 3745 889 3804 elue
918 3744 1040 3803 nullum
1068 3743 1102 3802 in
1123 3746 1285 3823 fragmen*

280 3827 319 3882 lis
340 3827 488 3886 indicium
509 3829 712 3908 deprehendi.
758 3830 798 3888 At
818 3831 853 3887 in
874 3833 934 3888 lroo
957 3839 1136 3909 argumento
1155 3833 1212 3889 vix
1231 3830 1285 3888 in-

280 3911 414 3988 telligas,
449 3915 602 3990 quomodo
630 3916 734 3973 locum
765 3915 907 3975 invenire
931 3916 1091 3994 potuerint
1112 3935 1164 3990 ea,
1203 3935 1284 3994 quae

279 3996 318 4055 ed
341 3995 522 4055 Corinthum
545 4009 703 4076 spectant,
728 4001 770 4061 sr.
797 3999 860 4059 Vll.
879 4010 911 4060 et
933 3998 1042 4062 XVlll.
1079 3999 1141 4059 Sed
1162 3999 1210 4060 hie
1234 4002 1284 4059 lo*

277 4101 455 4139 eumenum
478 4085 609 4160 assignet
632 4085 768 4142 narratio
793 4085 975 4163 Apollodori
991 4089 1043 4158 ΙΙΙ,
1062 4103 1090 4162 7,
1111 4103 1139 4161 7.
1166 4106 1185 4144 a
1205 4085 1283 4143 Ber·

273 4169 360 4226 nesio
383 4167 652 4232 iammemoretn:
684 4168 854 4254 Εὐριπίδης
879 4169 915 4236 δέ
944 4193 1051 4254 φησιν,
1081 4169 1282 4252 Ἀλκμαίωνα
