2778 4922
481 483 708 548 rumori.
791 491 793 496 ’
1020 507 1023 520 ¹
1056 491 1095 572 τι

100 662 150 721 nbi
178 659 309 738 Antiope
337 659 495 720 fortunam
526 683 612 722 uuam
641 661 716 722 filiis
745 671 777 720 et
807 663 921 742 pastori
951 668 1096 748 explicat,

99 769 155 829 quo
176 748 243 826 ipso
265 747 397 808 efficitur
418 746 625 833 ἀναγνώρισις.
834 773 836 780 ’
955 808 957 820 ,

153 850 198 909 De
220 849 377 929 agnitione
397 854 464 928 ipsa
488 851 668 912 Aristoteles
690 873 723 914 π.
743 874 842 930 ποιητ.
867 871 893 912 o·
917 855 964 927 14,
988 874 1035 934 19.
1057 881 1096 920 ex

97 937 306 996 emendatione
326 934 472 995 Valcken.
492 937 581 998 diatr.
598 960 633 1019 p.
649 937 689 998 58
704 958 749 1016 sq.
772 937 825 1000 καί
844 939 877 1002 ἐν
896 939 934 1018 τῇ
952 935 1098 1036 Ἀντιόπη

99 1019 115 1084 ὁ
129 1019 190 1094 υίὸς
203 1019 258 1105 τίγν
272 1023 386 1106 μητέρα
398 1015 554 1086 ἐκδιδόναι
566 1023 680 1104 μέλλων
695 1017 881 1104 ἀνεγνώρισε.
904 1027 974 1087 vid.
987 1017 1096 1112 Hygin.

96 1109 116 1166 l.
126 1129 148 1166 o.
165 1108 252 1166 cuius
267 1118 371 1166 tamen
387 1109 525 1166 narratio
539 1129 603 1167 non
619 1111 774 1168 satiacum
789 1131 834 1186 eo,
856 1111 938 1189 qnod
956 1125 1001 1174 est
1016 1120 1097 1196 apud

98 1195 221 1253 Aristot.
246 1195 418 1252 consentit:
454 1215 526 1252 nam
553 1197 722 1254 secundum
747 1197 870 1255 Aristot.
893 1199 1005 1272 Zethus
1028 1225 1095 1263 nra·

96 1291 171 1338 trem
191 1273 348 1343 ἔκδιδόνοιο
369 1275 486 1362 μέλλει,
523 1301 582 1354 pec.
604 1280 717 1360 Hygin.
737 1283 882 1341 traditam
903 1285 964 1344 iam
988 1309 1096 1350 conse·

95 1366 156 1424 euti
184 1365 242 1424 filii
270 1366 462 1444 eripuerunt.
510 1365 559 1425 An
588 1366 682 1446 igitur
709 1363 829 1426 Ennius
858 1369 1097 1450 descriptionem

97 1449 250 1530 Euripidis
273 1452 433 1530 paululum
458 1452 656 1513 immutavit?
701 1452 765 1512 Hoc
787 1463 890 1514 tamen
912 1459 1003 1538 loco,
1034 1454 1132 1520 nisi*-

94 1539 199 1612 fallor,
222 1538 394 1598 dictasunt
414 1539 470 1598 ilia
492 1542 529 1600 ab
551 1521 711 1622 Antiopaz'
1078 1532 1085 1542 “

156 1655 205 1719 IV.
229 1655 416 1735 (xxxvii.)
440 1658 520 1736 apud
543 1657 680 1717 Eustath.
703 1655 741 1714 ad
765 1653 876 1735 Odyss.
898 1685 930 1722 π.
950 1681 982 1740 p.
1008 1677 1099 1740 1799,

94 1741 269 1802 54:601.
299 1737 393 1818 δῆλον
414 1737 447 1803 δ’
464 1733 509 1806 ότι
530 1738 615 1807 κίειν
634 1744 686 1808 καί
708 1737 742 1806 τό
768 1743 874 1824 ἔγκυον
897 1739 973 1810 εἶναι
997 1743 1095 1831 δηλοῖ,

93 1819 112 1892 ό
128 1825 262 1913 διαφέρει
282 1829 337 1891 τοῦ
358 1831 468 1891 τίκτειν
489 1822 602 1892 καθότι
624 1825 699 1892 οὐτὸ
715 1822 912 1910 ,ἀπαλλάττει
930 1829 985 1896 τοῦ
1004 1827 1097 1898 κόειν.

92 1916 143 1979 καί
164 1917 288 1996 φέρεται
309 1915 351 1986 είς
371 1915 463 1977 τοῦτο
483 1919 588 1997 χρῆσις
607 1915 639 1990 ἔξ
651 1908 809 1996 Ἀντιόπης
833 1908 869 1978 τό

178 2002 183 2024 ’
433 2009 596 2077 Κόουσοι
627 2019 764 2076 τίκτον

91 2111 187 2199 ἤγουν
208 2109 284 2178 κατὰ
307 2110 437 2198 γαστρός
462 2117 594 2200 φέρουσα
615 2109 682 2178 εἶτα
705 2115 817 2176 ἔτεκον.
865 2113 1047 2179 Ammonius
1067 2144 1098 2184 v.

94 2199 191 2268 Κότυν
217 2223 247 2280 p.
271 2199 320 2260 86.
344 2203 390 2260 ed.
413 2201 519 2260 Valck.
550 2197 647 2263 Κόειν
665 2198 720 2279 μὲν
739 2199 773 2263 τὸ
798 2201 903 2282 ἔγκυον
924 2197 1017 2281 εἶναι,
1053 2213 1099 2272 τί·
1151 2267 1153 2275 s

91 2312 173 2352 κτειν
193 2284 227 2351 di
248 2281 283 2350 τό
305 2279 555 2350 ἆπαλλόττεσθαι
576 2287 630 2350 τοῦ
647 2279 754 2351 uriam(
783 2284 951 2372 Εὐριπίδης
979 2289 1012 2355 ἔν
1033 2288 1100 2360 Ἀν-

91 2369 199 2466 τιόπη·
231 2372 299 2452 (sio
319 2374 469 2434 Valcken.
494 2373 585 2432 diatr.
609 2393 640 2452 p.
667 2372 718 2432 60.
741 2391 800 2452 pro
820 2375 957 2440 ἐναντίον
976 2372 1017 2460 ἥ)
1039 2375 1100 2443 κύ..

92 2484 191 2526 ουσα
224 2463 358 2535 τίκτω,
394 2455 494 2534 εἶπεν,
532 2452 638 2536 ἡνίκ’
657 2449 808 2542 ἠγόμην
844 2453 974 2525 πόλιν.
1016 2468 1100 2528 unde

91 2547 240 2613 valorem
264 2545 285 2606 l.
307 2565 335 2604 o.
358 2545 443 2606 huno
465 2565 588 2606 versum
611 2543 747 2607 effinxit:

181 2641 360 2724 Κόουσιι,
396 2653 509 2712 τίκτω
531 2640 691 2728 θ’ἥνίκ’
708 2638 857 2728 ἠγόμην
880 2641 1014 2714 πόλιν.

91 2749 161 2833 lpse
183 2749 266 2810 huno
287 2770 410 2810 versum
431 2760 551 2830 tantnm
574 2746 652 2828 poni
672 2749 809 2830 potuisse
830 2751 861 2809 iu
885 2751 1012 2828 prologo
1032 2757 1100 2814 exi-

88 2840 214 2914 stimat3
237 2836 313 2895 mihi
329 2857 348 2894 a
365 2837 494 2916 prologo
517 2837 638 2895 alienus
654 2855 719 2894 esse
732 2835 856 2896 videtur
871 2847 999 2914 propter
1019 2840 1057 2899 fr.
1075 2842 1098 2902 ί.

156 2940 237 3000 Ante
258 2939 319 2998 hoc
339 2941 448 3016 fragm.
473 2939 594 2996 narrari
615 2937 706 2995 etiam
728 2935 836 2994 debuit
856 2937 935 2995 illud

158 3055 194 3121 V.
228 3056 310 3136 appd
333 3055 508 3138 Cedrenum
537 3077 568 3137 p.
592 3073 642 3114 22.
662 3051 698 3116 E.
728 3052 811 3132 quod
833 3053 973 3117 laudavit
995 3057 1100 3124 Valck.

88 3167 122 3226 p.
143 3143 197 3207 63.
236 3139 253 3206 ό
284 3141 340 3225 μὲν
368 3139 535 3224 Εὐριπίδης
556 3133 611 3206 τόν
633 3145 693 3206 Δία
716 3139 810 3222 φησίν
830 3142 874 3213 τίς
894 3133 1028 3226 σάτυροι
1041 3171 1102 3226 με..

89 3229 295 3316 ταβληθέντα
322 3221 379 3311 τὴν
401 3221 562 3312 Ἀντιόπην
591 3229 731 3310 φθεῖραι.
771 3226 864 3286 Plura
889 3228 976 3288 dabit
998 3231 1103 3300 Valoh

156 3333 207 3393 Ad
239 3333 336 3392 verba
371 3332 524 3413 Antiopae
553 3328 748 3412 respondiflse
779 3329 904 3404 videtur
935 3331 1103 3416 Amphion.
1156 3360 1159 3366 ¹

89 3441 173 3502 quae
196 3429 269 3476 sunt
915 3424 921 3430 '

158 3535 210 3599 vr.
233 3533 377 3614 (xxx.)
401 3501 483 3614 apua
504 3533 654 3602 crement.
678 3533 765 3601 nex.
787 3532 900 3596 strom.
919 3534 956 3599 v.
976 3557 1007 3614 p.
1030 3535 1103 3612 τοι.

87 3623 126 3684 Β.
155 3623 206 3684 ed.
232 3621 319 3700 sylb.
353 3621 403 3702 (p.
427 3619 507 3694 716,
535 3639 561 3678 1.
583 3619 630 3680 ed.
657 3619 784 3692 Heius.)
816 3615 922 3683 οἰίκουν
952 3622 998 3684 ἔτι
1025 3620 1104 3686 κατὰ

86 3707 147 3792 τίγν
170 3708 231 3772 τῶν
251 3703 375 3771 πολλῶν
397 3701 491 3780 δόξαν
510 3703 580 3790 περὶ
604 3702 658 3767 τοῦ
677 3706 758 3768 θεοῦ
779 3701 991 3786 ὑποληπτέον·
1078 3731 1081 3738 “

132 3853 181 3866 -
201 3851 245 3862 -
265 3850 309 3866 -··
330 3851 371 3864 --
394 3810 491 3884 οὐδὲ
511 3806 581 3896 γὰρ
602 3806 741 3894 λάθρα
764 3809 867 3879 δοκῶ

135 3900 272 3984 φωτὸς
294 3895 520 4004 κακούργου
542 3893 1019 4004 ογημοιτζίκμιμοόμενον

136 3986 327 4072 σρὶτήνέ
346 3991 383 4063 ἐς
399 3985 530 4070 εὐνην,
552 4007 680 4068 ωσπερ
703 3987 933 4068 oropum,
955 3985 1103 4068 μολεῖν.

86 4095 237 4182 Ἀμφίων
259 4098 338 4184 λέγει
358 4106 396 4191 τῇ
414 4091 579 4188 Ἀντιόπη.
626 4094 706 4154 Ηίιιο
730 4096 839 4156 sunrsit
860 4094 971 4159 Euseb.
996 4097 1103 4178 Praep.

91 4209 146 4250 ev.
173 4209 205 4271 p.
229 4188 301 4270 679.
326 4187 363 4250 Ι).
391 4187 440 4254 ed.
461 4180 565 4269 Vigor.
587 4180 1024 4330 (Colon.›r688.)Ei1;qnibue
1045 4205 1103 4264 pro
