2778 4922
239 597 258 637 2
459 571 798 636 uuintoniensis
822 553 1034 636 acernum.

246 740 449 827 Θεμιστοκλῆς
471 763 529 824 pro
551 743 775 826 Cresphontes,
811 740 1012 832 Κλεοφάντης
1043 766 1100 824 pro
1132 745 1252 807 eodem.

240 825 408 914 Εὐριπίδης
430 831 462 894 έν
481 827 591 894 Κλεισί
620 852 677 912 pro
707 833 739 896 ἐν
762 836 862 916 Κρησί
884 833 967 912 apud
989 831 1128 892 Erotion.
1169 827 1253 895 Κτύ-

240 937 330 998 μενος
351 915 433 995 apud
455 915 648 978 Clementem
669 937 725 998 pro
748 912 891 998 Τήμενος.
930 917 1015 978 idem
1039 939 1155 977 nomen
1178 918 1254 978 alibi

242 1016 425 1082 corruptum
446 1004 482 1064 iu
503 1005 633 1083 Τίμαιος
655 1004 741 1064 abiit.
783 1004 842 1063 Pro
864 1008 994 1108 Κυρίαις
1013 1004 1097 1084 apud
1118 1003 1255 1083 Hesych.

242 1109 327 1149 nunc
356 1089 470 1168 legitur
500 1089 651 1173 Σκυρίοις.
686 1083 849 1166 Ἀλεόδας,
886 1085 1059 1174 Εοράπην,
1092 1090 1256 1168 Καρκίνον,

243 1177 423 1256 Μενησίαν,
450 1178 640 1252 Μετοοσίοι,
674 1171 905 1259 Νεοπτόλεμον,
937 1171 1080 1259 Νιόβην,
1103 1170 1256 1244 Σκύλλαν,

246 1260 354 1342 Τρῶας
379 1281 395 1320 e
417 1279 550 1321 numero
571 1261 749 1322 tabularum
773 1259 930 1342 Euripidis
953 1272 1137 1321 exemerunt
1160 1261 1257 1330 Bent-

245 1347 342 1421 leius,
368 1343 518 1408 Valcken.
540 1349 602 1408 alii.
646 1347 719 1408 vid.
744 1346 892 1408 Valcken.
914 1347 1006 1410 diatr.
1031 1368 1056 1406 c.
1082 1344 1115 1405 ΙΙ.
1161 1347 1256 1407 Prae·

245 1443 295 1494 ter
313 1431 387 1492 istas
410 1431 545 1492 Elmslei.
565 1433 603 1494 ad
625 1433 704 1494 Med.
724 1451 842 1516 argum.
861 1455 895 1514 p.
911 1451 960 1501 71.
981 1433 1028 1492 ed.
1050 1430 1154 1492 Oxou.
1173 1432 1259 1494 eiicit

247 1519 339 1580 etiam
371 1511 516 1601 Θεριστάς
538 1528 568 1578 et
589 1523 723 1601 Λαμίαν.
768 1519 815 1580 Ita
837 1519 1060 1598 relinquuntur
1079 1519 1282 1600 tragoediae

247 1601 426 1686 deperditae
447 1607 671 1688 quinquaginta
690 1613 827 1684 septem,
847 1605 907 1666 vei„
929 1605 956 1663 si
982 1598 1127 1684 Θεριστάς
1148 1625 1258 1665 uume-

246 1707 314 1766 rtt,
337 1689 387 1749 58·
419 1683 564 1774 (Αἰγεύς,
587 1687 713 1768 Αἴολος,
731 1687 948 1773 Ἀλέξανδρος,
972 1688 1151 1770 Ἀλκμαίων
1170 1686 1186 1755 ὅ
1206 1685 1259 1754 διά

250 1770 415 1853 Ψωφῖδος,
450 1771 593 1856 >linui
626 1771 678 1840 διά
710 1779 889 1878 Κορίνθου,
922 1771 1103 1860 οΑλκμήνη,
1137 1771 1260 1860 Ἀλόπη,

241 1856 447 1941 Ἀνδρομέδα,
477 1856 650 1944 Ἀντιγόνη,
674 1860 834 1944 Ἀντιόπη,
860 1858 1031 1944 Ἀρχέλαος,
1059 1855 1149 1947 Δύμη
1158 1907 1166 1936 ,
1196 1861 1260 1926 At-

248 1940 391 2023 τόλυκος,
413 1941 680 2034 Βελλεροφόντης,
702 1941 862 2054 Βούσιρις,
883 1942 1012 2030 Δανάη,
1032 1949 1159 2020 Δίκτυς,
1177 1947 1261 2026 Ἠσε-

247 2025 362 2120 χθεύς,
398 2025 597 2112 Εὐρυσθεύς,
638 2027 770 2116 Θησεύς,
810 2029 889 2108 ’Ῑνως
913 2029 1031 2110 Ἰξίων,
1066 2027 1262 2107 Ἰππόλυτος,

233 2111 392 2198 Κάδμος,
429 2110 637 2202 Κρεσφόντης,
676 2119 833 2198 Κρῆοσαι,
869 2119 1004 2198 Κρῆτες,
1040 2122 1165 2199 Λαμίσ,
1201 2123 1262 2180 Λι-

249 2195 386 2284 κύμνιος,
423 2202 633 2287 Μελανίππη,
680 2201 876 2285 Μελέαγρος,
910 2193 1068 2282 Ξάντριαι,
1108 2199 1263 2279 Οἰδίπους,

254 2282 377 2361 Οἰνεύς,
416 2281 580 2368 Οἰνόμαος,
619 2283 826 2370 Παλαμήδης,
867 2287 1057 2364 Πειρίθους,
1098 2283 1263 2365 Πελιάδες,

252 2366 393 2458 Πηλεύς,
413 2372 626 2454 Πλεισθένης,
649 2367 823 2448 Πολύϊδος,
846 2370 1074 2450 Πρωτεσίλαος,
1091 2363 1262 2454 Ῥαδάμαν-

251 2461 331 2536 θυς,
351 2457 539 2542 Σθενέβοια,
561 2455 710 2537 Σίσυφος,
732 2460 860 2541 Σκίρων,
877 2449 1022 2536 Σκύριαι,
1040 2452 1164 2532 Σολεύς,
1186 2461 1263 2523 Τέν-

252 2568 322 2631 νης,
353 2538 509 2633 Τήλεφος,
534 2541 718 2628 Τημενίδαι,
736 2540 909 2626 Ὑψιπύλη,
936 2544 1085 2618 Φαέθων,
1110 2539 1263 2627 Φιλοκτή-

253 2655 322 2716 της,
348 2631 470 2711 Φοῑνιξ,
499 2631 624 2714 Φρίξος,
646 2625 850 2714 Χρύσιππος.)
872 2629 982 2708 quibua
1002 2630 1028 2688 si
1048 2629 1264 2710 duodeviginti

253 2719 431 2799 superstites
460 2717 635 2792 addideris,
665 2717 836 2776 confeceris
862 2731 1013 2774 summam
1040 2717 1264 2795 tragoediarum

253 2807 445 2885 septuaginta
477 2823 543 2864 sex.
585 2801 623 2864 tt
664 2801 776 2863 Suidaa
811 2803 1006 2882 septuaginta
1041 2803 1180 2881 quinque
1210 2803 1265 2863 vel

253 2899 373 2972 reptem
392 2889 422 2950 ei
441 2891 570 2970 tribuit,
604 2887 828 2950 Grammaticus
858 2889 896 2948 ab
926 2887 1076 2948 Elmsleio
1100 2887 1200 2948 editus
1226 2889 1265 2947 ad

138 2979 140 2984 ’
254 2978 370 3036 calcem
387 2971 576 3036 Baccharum
594 2978 787 3058 septuaginta
804 2985 892 3050 octo,
921 2993 1049 3054 quarum
1063 2975 1183 3053 spurias
1199 2995 1266 3033 esse

177 3103 181 3110 -
254 3059 495 3138 trea,‘Teunen1,
511 3060 792 3137 Rhadamanthum,
808 3059 988 3122 Pirithoum.
1011 3059 1046 3119 ln
1061 3061 1265 3141 inscriptione

255 3149 420 3208 marmoris
450 3150 591 3227 antiqui,
632 3149 717 3208 edita
744 3168 762 3207 a
791 3147 1050 3207 Winckelmanno
1076 3151 1267 3206 monumenti

255 3236 339 3292 ined.
362 3251 412 3291 nr.
440 3233 507 3292 168.
553 3233 599 3292 Cf.
633 3236 765 3294 Galeria
796 3234 840 3290 du
871 3233 980 3291 Marde
1012 3235 1179 3310 Ναμοίέοπ
1207 3247 1267 3312 par

255 3317 360 3380 Filhot
381 3315 512 3380 T.v11t
537 3321 597 3379 tab.
615 3317 686 3378 δίο,
713 3319 841 3399 triginta
869 3337 925 3377 aex
952 3327 1072 3378 tantum
1104 3316 1266 3398 Euripidis

255 3403 430 3484 tragoediae
452 3415 745 3476 commemorantur,
760 3400 931 3486 Ἄλκηστις,
946 3402 1120 3490 Ἀρχέλαος,
1144 3398 1266 3485 Αἰγεύς,

255 3487 383 3564 Αἴολος,
410 3484 540 3575 Ἀλόπη,
564 3486 733 3575 Ἀντιγόνη,
753 3488 941 3569 Ἀλκμαίων,
967 3487 1165 3574 Ἀνδρομέδα,
1184 3486 1267 3555 ’Al-d·

255 3572 396 3658 ξανδρος,
423 3571 528 3660 Αύμή,
551 3571 749 3660 Ἀνδρομάχη,
771 3570 926 3660 Ἀντιγόνη
948 3576 988 3659 (f.
1001 3573 1178 3660 Ἀντιόπη),
1200 3580 1266 3641 Aa·

256 3657 398 3739 τόλνκος,
442 3657 579 3746 Βάκχαι,
626 3660 890 3746 Βελλεροφόντης,
930 3657 1107 3744 Βούσειρις,
1147 3666 1267 3736 Δίκτυς,

257 3743 380 3830 Δανάη,
417 3749 608 3833 Είφιμένεια,
639 3743 763 3833 Ἑλένη,
799 3743 898 3823 Είνύ,
934 3743 1064 3836 Ἑκάβη,
1095 3743 1268 3831 Ἐρεχθεύς,

257 3827 450 3915 Εὐρυσθεύς,
475 3830 609 3915 Ἐπεάς,ι
630 3837 761 3924 Κρῆτες,
791 3836 919 3916 Κρῆσσα
942 3833 1031 3915 (aio)
1057 3828 1268 3918 Κρεσφόντης,

257 3914 412 4004 Κύκλωψ,
444 3916 628 4002 Λικύμνιος,
656 3917 879 3997 Μελάνιππος,
908 3915 1049 4002 mttere,
1079 3921 1268 4005 Μελέαγρος,

264 4000 388 4078 Οἰνεύς,
420 4003 587 4084 Ολδίποας,
610 4007 766 4091 Ὀρέστης,
792 4008 960 4086 inquibus
981 4027 1095 4067 uorem
1117 4009 1268 4088 supersti-

255 4097 313 4152 tes.
355 4091 418 4152 Sed
441 4093 519 4174 lapis
546 4095 602 4154 ille
629 4096 756 4156 mutilus
782 4104 827 4154 est
860 4102 892 4152 et
921 4091 1124 4174 ροείἚπέος
1146 4103 1270 4174 etpost

252 4173 402 4264 Ὀρέστης.
439 4175 518 4258 Epeo·
549 4183 725 4262 tragoediae
754 4181 875 4238 nullum
902 4179 986 4239 aliud
1015 4180 1181 4260 vestigium
1212 4189 1268 4252 est,

256 4275 291 4325 ut
320 4265 372 4326 hie
400 4285 487 4328 error
513 4266 578 4328 eius
592 4273 595 4279 '
609 4285 674 4328 esse
699 4267 867 4343 videatur?
895 4267 950 4344 qui
979 4265 1086 4326 titulos
1116 4267 1268 4326 marmori
