2818 4924
195 465 197 472 ·
249 469 307 512 102
598 417 923 510 turonicus.¹
996 435 998 440 ’

247 625 320 682 bum
337 621 397 680 hoc
410 639 501 680 sensu
515 621 628 701 legitur
642 621 724 700 apud
735 619 832 700 Soph.
848 619 895 680 Ai.
917 616 1005 697 1329.
1028 628 1060 679 et
1073 619 1134 680 hoo
1149 622 1255 702 ipsum

247 695 410 788 perspicus
425 707 567 767 hocloco
582 708 732 786 seriptum
746 705 897 765 exhibere
910 704 978 765 cod.
994 723 1082 764 snum
1101 709 1257 786 epitomae

251 794 328 867 dicit
349 792 596 872 Schweighaeus.
642 791 717 852 Mihi
734 786 891 875 δπηρτττῖν
909 791 1067 850 communi
1088 804 1257 876 consuetu·

252 879 319 938 dini
352 879 612 940 accommodatius
636 879 771 958 ideoque
796 875 955 957 Euripidis
983 875 1115 940 dictioni
1140 901 1257 940 eonve-

251 965 388 1024 nientius
408 985 473 1024 esse
495 966 668 1028 videbatur.

315 1081 350 1143 V.
375 1088 403 1145 8.
442 1083 554 1145 Athen.
583 1078 835 1155 διαλλάσσουσιν,
880 1078 989 1137 Galen.
1009 1079 1132 1160 μεταλλ.
1175 1078 1257 1143 lllnd

250 1169 388 1248 praefert
404 1168 533 1229 Casaub.
550 1177 674 1229 vertens
689 1168 782 1225 rebus
794 1165 903 1224 dubiis
927 1185 1025 1243 aegre
1047 1170 1110 1225 sibi
1126 1183 1260 1243 possunt

252 1251 422 1313 consulere.
444 1256 485 1314 At
497 1255 557 1314 hoc
570 1263 649 1314 esset
662 1246 896 1317 διαλλόσσονται
909 1259 972 1323 τοῖς
986 1249 1157 1334 ἀμηχανοῖς.
1176 1254 1259 1315 Tum

253 1338 361 1399 Galen.
375 1343 417 1414 οῖς
433 1334 617 1424 τᾶμήχανον.

314 1457 349 1516 V.
375 1459 521 1518 10-15.
551 1479 612 1518 om.
638 1455 743 1516 Galen.
765 1454 841 1514 haec
866 1473 898 1512 se
920 1453 1117 1531 praeteriisse
1140 1457 1258 1536 signifi-

253 1563 327 1602 cans
356 1544 405 1603 his
434 1543 556 1618 verbis,
593 1531 642 1606 ότι
666 1539 701 1606 δὲ
722 1539 773 1604 καί
792 1541 852 1602 τῶν
873 1535 1130 1624 ἐπιτηδευομένων
1152 1545 1259 1614 αὐτοῖς

252 1631 382 1692 ἕκαστον
406 1622 555 1712 λίχρηστόν
577 1629 676 1700 ἐστιν,
714 1621 807 1689 drove
829 1613 939 1701 πόλιν,
975 1623 1060 1704 εἴπερ
1083 1623 1202 1706 θέλεις,
1240 1621 1261 1692 ό

255 1731 346 1796 φησι·
383 1718 436 1788 Τίς
451 1713 508 1798 γὰρ
524 1713 674 1785 παλαίσας
687 1697 720 1774 εὖ
734 1736 762 1772 α.
778 1737 804 1774 τ.
819 1708 847 1772 λ.
890 1709 924 1768 V.
948 1729 997 1773 to.
1022 1714 1133 1772 citatur
1148 1735 1167 1774 e
1183 1715 1261 1776 Dio·

253 1820 330 1876 gene
346 1801 447 1862 Laert.
466 1799 487 1877 1,
507 1796 557 1860 56.
571 1801 632 1858 ita:
656 1800 804 1878 τρίβωνας
818 1791 1013 1872 ἐκλείποντες,
1037 1799 1119 1876 quod
1133 1819 1262 1880 recepe-

252 1895 327 1943 runt
341 1885 426 1945 Grot.
439 1885 530 1944 Barn.
547 1884 659 1964 Musgr.
691 1881 712 1940 F
714 1903 833 1957 errem,
852 1881 878 1938 si
896 1891 975 1941 esset
990 1877 1180 1964 ἐκλιπόντες,
1200 1907 1262 1950 nec

254 1967 401 2036 ἐκλείπειν
414 1967 527 2055 κρόκας
545 1991 610 2030 esse
626 1977 729 2050 potest
743 1981 882 2028 tramam
897 1971 1052 2046 reliquam
1059 1971 1190 2048 secere.
1213 1975 1263 2036 ἐκ·

254 2053 401 2139 βαλόντες
425 2058 501 2118 citat
521 2059 614 2116 etiam
638 2055 765 2118 Porsen.
791 2054 827 2114 ad
848 2053 1004 2134 Aristoph.
1025 2051 1102 2116 Plut.
1118 2057 1190 2116 314.
1205 2059 1262 2118 ubi

252 2142 334 2200 hanc
363 2143 618 2204 consuetudinem
644 2141 811 2220 particulas
835 2139 1073 2220 comparationis
1096 2141 1261 2205 omittendi

252 2227 398 2290 illustrat.

318 2333 352 2392 V.
381 2336 428 2395 13.
454 2337 502 2396 τί.
547 2330 603 2400 τόν
622 2330 706 2398 ‘Eut
730 2327 825 2414 νόμον
846 2343 877 2396 et
897 2333 989 2398 τῶνδ’
1012 2337 1097 2400 ἕκατι
1121 2359 1180 2416 pro
1203 2340 1263 2403 τῶν

252 2413 334 2490 Ἑλλ.
350 2444 377 2484 ν.
394 2433 426 2482 et
440 2417 529 2486 τόνδ’
547 2425 630 2486 ἕκατι
651 2441 668 2478 a
690 2419 871 2480 Cesaubono
885 2425 1080 2504 propositum
1097 2424 1264 2484 confirma-

254 2516 330 2565 runt
342 2509 432 2566 ambo
448 2507 538 2568 MSS.
556 2503 734 2586 Schweigh.
1065 2517 1066 2526 ¹

316 2614 352 2673 V.
371 2617 417 2698 τό.
447 2611 578 2688 Οαοδό
602 2615 705 2676 verbis
722 2611 828 2689 δαιτὸς
841 2611 928 2700 χάριν
945 2619 1110 2697 collegerat
1126 2615 1259 2683 Casaub.

255 2700 401 2760 ludorum
426 2723 582 2762 sacrorum
606 2702 757 2782 agonistas
780 2713 869 2782 parta
893 2703 1026 2782 victoria
1047 2705 1154 2764 solitos
1176 2708 1264 2765 exci-

256 2805 333 2864 pere
354 2796 559 2864 spectatores,
578 2789 613 2848 id
628 2787 803 2867 Schweigh.
817 2788 894 2846 locis
912 2787 1062 2848 Athenaei
1077 2785 1098 2864 Ι,
1121 2811 1151 2868 p.
1168 2791 1198 2850 3.
1224 2791 1262 2852 D.

257 2869 292 2930 E.
309 2871 340 2930 F.
357 2871 406 2948 lV,
420 2894 449 2953 p.
468 2873 537 2934 168.
549 2873 582 2934 F.
598 2873 800 2934 confirmavit.
826 2872 1018 2956 Musgravius
1032 2875 1136 2936 locum
1154 2897 1262 2936 econ·

200 2989 202 2992 ·
257 2956 376 3018 iectura
401 2960 487 3018 futili
514 2969 650 3035 mutare,
687 2979 777 3040 quam
798 2959 885 3018 illam
910 2959 1150 3040 explicationem
1175 2967 1264 3043 sequi

258 3044 378 3106 maluit.
405 3044 547 3104 Coniecit
567 3057 670 3106 autem
689 3040 799 3124 studo'
813 3045 933 3126 ἀχρεῖον
952 3041 1065 3128 ἡδονῆς
1086 3037 1194 3131 sciptor
1212 3073 1263 3134 χε·

259 3137 343 3211 ροῖν,
366 3131 586 3190 oblectamenti
601 3153 701 3190 causa
715 3132 812 3190 robur
828 3133 944 3190 inutile
958 3133 1123 3190 faenerant.

322 3239 360 3302 V.
383 3240 434 3303 16.
477 3242 590 3304 Athen.
612 3248 643 3307 τί
663 3239 721 3328 γόρ
744 3252 775 3302 et
796 3246 827 3305 τί
846 3237 878 3304 δ’
899 3236 994 3308 αίνυπ.
1017 3243 1066 3308 ἀν.
1117 3243 1264 3305 Nostrum

259 3321 394 3386 Galenus
409 3326 511 3388 hebet.
825 3369 826 3376 ι

323 3433 356 3495 V.
375 3455 421 3516 ¹7·
449 3431 565 3522 πλήξας
586 3459 645 3518 pro
667 3443 781 3514 παίσας
803 3439 911 3502 Galen.

324 3543 360 3606 V.
374 3564 425 3608 no.
451 3554 525 3614 ποσί
538 3551 572 3609 in
588 3549 651 3610 fine
667 3548 810 3631 praebuit
823 3549 929 3610 Galen.
947 3543 1004 3628 p'ro
1021 3557 1129 3634 χεροῖν.
1152 3559 1264 3632 χεροῖν,

262 3637 293 3688 et
307 3634 388 3710 quod
404 3656 444 3694 ex
460 3658 496 3696 eo
509 3645 615 3696 natum
631 3636 666 3694 in
682 3637 801 3696 duobus
823 3635 912 3701 codd.
934 3633 1108 3714 Schweigh.
1130 3641 1196 3717 χερί
1217 3637 1265 3695 sa-

212 3755 216 3760 -
262 3715 319 3775 cile
342 3739 358 3778 e
379 3723 584 3799 praecedente
606 3743 696 3781 versu
719 3726 857 3800 irrepere
880 3723 998 3801 potuit3
1020 3727 1093 3784 ποσί
1108 3725 1264 3800 quomodo

260 3799 369 3864 inferri
386 3809 541 3886 potuerit,
561 3809 618 3867 vix
631 3809 722 3867 dicas.
765 3809 857 3881 Quod
881 3827 954 3867 vero
977 3807 1149 3886 Schweigh.
1175 3805 1264 3868 Gale·

261 3907 336 3947 num
364 3895 457 3952 etiam
478 3895 511 3951 in
536 3891 598 3952 fine
617 3893 688 3952 libri
709 3895 731 3954 i.
751 3917 776 3954 e.
804 3915 836 3972 p.
851 3893 901 3953 33.
922 3903 1023 3977 χεροῖν
1041 3891 1156 3952 habere
1177 3895 1264 3968 dicit,

261 3971 354 4034 habet
370 3977 478 4036 hocin
494 3977 679 4038 fineuersus
700 3999 745 4057 ¹9·
783 3979 977 4039 celeritatem
990 3981 1108 4055 pedum
1121 3977 1156 4036 in
1171 3999 1264 4058 proe-

262 4059 306 4118 lio
326 4064 405 4123 nulli
427 4065 497 4122 usui
520 4083 583 4124 esse
598 4065 862 4124 demonstraturus
877 4063 981 4144 Eurip.
996 4065 1195 4144 nequeenim
1207 4087 1265 4142 pe-

203 4203 207 4212 .
263 4147 371 4226 dibon,
400 4149 536 4234 inquit,¹
553 4149 605 4210 vel
625 4169 683 4230 per
704 4162 788 4210 scuta
813 4151 992 4210 discurrunt
1009 4153 1065 4210 ”vel
1085 4161 1168 4209 scuta
1193 4171 1265 4230 per-
