2818 4924
235 397 293 458 168
324 397 328 404 “
560 387 903 471 Errcutttrrs.

164 591 168 597 ¹
233 573 271 631 sb
297 569 488 650 explicatora
510 575 594 644 orto,
629 569 685 647 qut
707 565 904 668 adscripserit
926 563 1097 646 &seorim
1125 561 1236 646 ὁμοίως

233 666 364 732 πεσσοῖς
404 654 559 716 Plutarchi
579 654 673 714 lectio
697 655 790 734 magis
812 651 947 734 genuina
963 652 1056 714 ctiam
1074 653 1236 718 videbatur

233 744 381 802 Valcken.
400 741 439 799 ad
454 738 566 802 Herod
581 737 798 820 vt1,161.(p
815 741 886 812 cto,
902 733 974 838 78.)
994 737 1059 799 hed
1073 751 1156 805 recto
1171 740 1235 800 iam

234 826 427 927 Musgravius
447 826 571 884 monuit
593 826 728 886 calculos
747 846 802 884 seu
821 819 951 896 πισσοίις
972 844 1039 885 non
1055 825 1131 901 iaci,
1152 828 1236 906 quod
1289 869 1293 878 =

232 935 269 994 pr
272 932 392 994 oprrurn
411 920 459 972 est
475 912 532 975 sois
548 905 668 995 ιιύβοιι,
686 910 740 970 sed
756 909 953 991 promoveri,
974 913 1149 988 ιιιιιίσθαις
1167 922 1236 973 tum

178 1061 179 1070 ¹
232 1001 290 1058 vix
308 998 483 1076 intelligas,
502 998 657 1075 quomodo
671 997 742 1056 urbs
760 997 948 1058 evaristum
962 993 1124 1056 hominum
1139 997 1237 1060 undi-

233 1106 294 1164 que
314 1083 539 1144 confluentium
561 1082 696 1144 colluvie
716 1089 786 1142 orta
808 1077 1028 1161 διαφορεῖσθαι
1049 1082 1112 1145 dici
1132 1084 1238 1162 possit,

233 1171 317 1250 quod
338 1170 440 1248 potius
463 1166 501 1226 de
522 1169 598 1232 urhe
622 1169 786 1248 dissipata,
807 1167 947 1226 incolis
937 1187 972 1226 ru
991 1168 1077 1231 vatia
1089 1167 1159 1228 locs
1175 1171 1237 1230 alia

232 1256 410 1328 translatis,
447 1253 509 1313 dici
539 1273 630 1334 posse
656 1253 788 1315 videtur.
829 1251 935 1332 ltaque
956 1252 1119 1316 Plutarchi
1142 1255 1235 1315 lectio

232 1341 346 1402 vitiosa
362 1360 427 1398 esse
444 1339 585 1414 videtur,
613 1347 644 1399 et
656 1340 701 1400 ita
717 1360 735 1398 a
749 1349 834 1399 recta
852 1338 976 1410 ratione
996 1339 1114 1407 aliena,
1139 1349 1175 1401 ut
1194 1361 1235 1401 no

231 1426 387 1486 secundae
408 1425 534 1503 quidem
555 1423 730 1487 recensioni
751 1424 885 1486 adscribi
897 1424 1004 1503 possit.
1050 1424 1137 1498 Quae
1159 1446 1236 1486 vero

233 1513 274 1571 ad
301 1511 449 1571 secundas
476 1511 627 1572 librorum
655 1511 809 1588 editiones
837 1511 1012 1592 probandas
1045 1530 1062 1572 e
1088 1511 1236 1572 varietate

201 1665 203 1668 ¹
234 1598 377 1657 lectionis
395 1606 574 1676 argumenta
588 1605 753 1678 petuntur,
781 1617 818 1656 ea
839 1595 917 1656 mihi
939 1595 1064 1674 quidem
1083 1593 1237 1656 infirmis-

233 1685 314 1743 sima
331 1703 396 1740 esse
413 1683 567 1742 videntur.
595 1682 660 1742 vid.
676 1682 716 1743 ad
733 1681 813 1742 Med.
833 1681 869 1740 T.
888 1679 936 1742 Vl.
958 1703 991 1761 p·
1008 1682 1081 1743 423.
1123 1681 1157 1741 Si
1181 1703 1237 1742 au-

232 1779 297 1828 tem
318 1768 454 1847 Lycurgi
473 1769 567 1828 lectio
589 1787 665 1828 vera
689 1778 754 1844 est,
792 1769 835 1828 ita
857 1765 1014 1848 iungenda
1036 1776 1109 1828 'sunt
1126 1772 1238 1829 verbor

233 1848 608 1934 ἐκτισμέναιδιαφοραῖς
593 1857 710 1936 occluso
723 1853 840 1920 πεσσῶν
853 1849 1021 1934 διαφοραῖς
1051 1863 1084 1917 at
1098 1855 1174 1934 quid
1192 1863 1238 1916 est

232 1937 403 2041 διαφοραῖς
413 1939 597 2015 occidendos?
625 1939 738 2004 Lenior
754 1938 789 2000 fit
800 1948 975 2010 ¹‚structura
995 1939 1022 2000 si
1038 1961 1055 2000 e
1070 1937 1237 2002 Plutarcho

231 2027 368 2106 legamus
387 2021 510 2104 ὁμοίως,
531 2024 660 2086 utedid.
677 2025 794 2106 Taylcr
810 2023 916 2086 Reisk.
935 1983 1046 2106 Mirsgr.
1063 2024 1174 2089 Heinr.

295 2165 331 2230 V.
351 2185 398 2226 ιο.
419 2158 744 2250 slouyoiycuochatisl.
762 2167 844 2248 apud
860 2165 975 2227 Οιιιιιι.
988 2177 1019 2226 et
1035 2165 1131 2229 cerr.
1153 2166 1238 2232 Idem

232 2255 495 2355 suprascriptum
515 2253 608 2313 habet
629 2253 754 2314 Burmnei
777 2273 834 2334 pro
854 2246 1059 2336 εἰσαγώγιμα
1083 2245 1238 2323 Plutarch.

232 2332 419 2421 ἐξαγώγιμοι
459 2337 548 2397 Cives
562 2339 671 2399 talium
685 2339 808 2400 urbium
824 2354 1044 2422 comparantur
1064 2360 1135 2402 curn
1155 2363 1239 2405 mer·

233 2425 319 2485 cibus
335 2423 482 2482 aliunde
473 2427 656 2505 importatis
1107 2448 1112 2458 ·

296 2567 334 2627 V.
352 2583 400 2626 ιι.
428 2556 538 2641 πόλεις
554 2565 640 2628 Grot
657 2587 718 2647 pro
734 2558 857 2640 udicar-
898 2561 995 2656 οιιιίζη
1009 2567 1059 2630 cd.
1081 2567 1236 2652 Mosgrav.

232 2651 300 2711 sine
313 2651 427 2712 idonea
443 2671 544 2714 causa.
623 2721 627 2737 s

296 2791 331 2852 V.
351 2792 400 2853 13.
437 2791 496 2852 Pro
518 2789 644 2877 πολίτης
666 2791 770 2853 Reisk
792 2789 950 2875 πολίαίης,
972 2795 1056 2873 quod
1071 2814 1188 2857 novum
1207 2807 1240 2858 et

229 2879 345 2939 sactum
369 2879 553 2940 vocobulum
576 2881 756 2954 videbatur,
781 2880 881 2941 donec
903 2879 988 2940 idem
1008 2881 1100 2961 legi
1090 2903 1129 2943 ιιι
1134 2884 1238 2969 Angl.

229 2967 267 3026 A.
284 2965 318 3026 Β.
334 2966 370 3024 ab
391 2964 520 3024 Osanno
536 2965 638 3025 edocti
655 2986 767 3024 sumus.
807 2966 847 3024 At
862 2963 995 3067 quidni
985 2981 1028 3043 ts,
1051 2969 1103 3048 qui
1121 2971 1239 3029 exalia

228 3051 305 3110 urbe
326 3053 485 3129 profectus
508 3053 616 3111 orbern
636 3053 759 3123 condit,
788 3071 854 3109 non
875 3054 994 3132 reipsa
1013 3053 1238 3112 eiusconditor

230 3138 381 3216 appellari
404 3137 516 3214 possit,
537 3147 572 3196 ut
593 3139 709 3199 κτίσται
732 3145 902 3208 vocantur,
924 3139 977 3216 qni
999 3135 1155 3199 coloniam
1179 3141 1238 3198 ali-

230 3243 291 3301 quo
317 3220 537 3282 deduxerunt?
573 3221 699 3286 πολίτου
721 3224 850 3282 nomine
873 3223 899 3280 is
922 3225 1024 3283 minus
1049 3225 1158 3305 dignus
1183 3235 1240 3302 est,
1302 3299 1308 3304 .

230 3309 345 3386 quippe
370 3317 431 3365 ιιοιι
454 3309 489 3365 in
509 3308 615 3366 eadem
638 3311 713 3369 urbe
734 3319 834 3368 natus.
873 3309 1024 3369 docentus
1041 3313 1134 3371 etiam
1150 3313 1239 3386 indi-

230 3411 303 3451 care
323 3393 448 3452 videtur
467 3391 611 3494 πολίστης
630 3395 741 3453 vitiose
763 3396 914 3474 scriptum
936 3413 1002 3455 esse
1018 3417 1075 3475 pro
1096 3381 1240 3482 πολίτης

229 3487 265 3537 nt
284 3478 368 3536 enim
383 3473 529 3561 οίκισιής,
548 3481 591 3536 sic
605 3475 751 3560 nullosne
764 3483 857 3540 scribi
874 3481 988 3544 debuit.
1019 3481 1170 3544 Similiter
1184 3483 1239 3562 qui

228 3565 383 3644 Lysiaep.
394 3565 429 3640 87
436 3582 466 3624 ι.
483 3564 529 3626 ed
546 3563 651 3627 Reisk.
661 3558 979 3648 ιοοιιιῑιιιφῦσιιμέι
992 3565 1124 3640 nodosus,
1118 3565 1240 3669 γααίμη

229 3647 266 3718 δὲ
285 3644 612 3754 reclamationum
628 3653 666 3735 γῆ
679 3652 786 3735 πατρίς
802 3649 906 3725 αυτοῖς
924 3651 1006 3718 ἔστιν
1020 3654 1136 3714 vocari
1143 3656 1239 3715 otiam

228 3739 350 3817 possint
366 3729 495 3818 λόγῳ
462 3734 669 3815 μιιπολῖιαι,
690 3735 828 3810 τοῖ’ςδΗ
817 3736 1003 3820 ἐργοισιιοίί.
1041 3739 1106 3800 Vas.
1125 3755 1172 3803 ιι.
1190 3757 1239 3800 ιιι.

231 3821 283 3882 13.
300 3843 359 3880 orn.
377 3821 532 3882 Plutarch.
549 3833 578 3882 et
594 3844 651 3902 pro
665 3823 703 3883 iis
717 3823 853 3902 quinque
869 3825 948 3886 alios
962 3825 1064 3903 habet,
1087 3845 1150 3903 qur
1131 3825 1240 3905 'apud

229 3906 362 3986 Lycurg.
376 3927 441 3965 non
456 3908 609 3986 leguntur.
639 3908 699 3966 Eos
715 3911 869 3988 Musgrav.
888 3921 959 3992 post
976 3932 1005 3972 v.
1026 3911 1074 3971 ιδ.
1091 3911 1241 3986 inseruit3

232 4012 288 4070 ego
306 3993 387 4052 infra
402 3993 539 4056 exhibui.
578 3992 638 4056 Eos
659 3994 697 4053 ab
719 3994 779 4056 hoc
800 3996 871 4068 loco
893 3997 1012 4060 alienos
1035 4017 1101 4060 esse
1121 3997 1242 4060 indicat

232 4078 380 4156 allocutio
394 4071 490 4164 ydros.
