2778 4922
459 389 462 396 ·
566 391 795 461 tumori
1142 413 1179 474 γι

175 563 228 626 οῦν
246 563 327 626 ἔστιν
347 555 456 636 κακός,
483 563 581 628 codd.
609 565 644 627 V
667 565 701 626 A.
725 565 759 626 E.
785 565 866 648 apud
888 555 1033 629 Heer.'¹
1014 588 1097 642 οστις
1117 567 1179 632 ἔστι
1218 569 1223 574 ’

173 645 214 752 pi]
235 641 334 720 κακός.
356 655 439 709 uude
460 651 596 712 feliciter
618 654 741 712 Person
768 653 806 712 ad
828 653 981 732 Aristoph.
1004 651 1084 714 Plut.
1107 653 1178 712 886.

171 757 264 883 peta}
268 735 378 880 7722177
396 734 438 819 μὴ
456 731 556 811 κακός.
604 737 789 802 simillimus
811 739 898 798 locus
920 748 966 798 est
987 739 1177 800 Andromed.

185 843 201 880 r

232 929 553 990 Accommodatissimi
575 933 668 994 etiem
689 934 764 998 huic
787 935 859 994 loco
883 942 956 993 sunt
976 956 1083 996 versus

233 1045 325 1108 XVli.
351 1045 482 1126 (xvltt.
489 1048 503 1124 )
532 1051 617 1120 Stob.
639 1051 690 1115 tit.
716 1052 765 1112 68
794 1075 825 1134 p.
846 1055 922 1116 426.
947 1051 1040 1114 Gesu.
1064 1065 1114 1128 70.
1143 1072 1174 1131 p.
1191 1121 1194 1130 7

169 1152 242 1214 292.
266 1136 353 1194 Grot.
361 1142 409 1202 et
432 1133 528 1194 Gaisf.
615 1199 617 1204 ,

210 1267 254 1282 -
274 1267 318 1282 -
344 1266 386 1280 -
412 1267 454 1281 ·-
476 1259 575 1300 6666
597 1233 631 1301 6
648 1234 830 1322 ἀγγέλλω
851 1242 1026 1327 βροτοῖς,

211 1318 406 1386 εσθλῶν’
388 1345 442 1382 666
444 1315 642 1429 ἆγὸραῗν
652 1325 792 1408 εὐγενῆ
826 1332 1009 1409 σπείρειν
1037 1327 1172 1388 τέκνα·

212 1405 277 1488 [66
298 1400 374 1492 γάρ
396 1404 484 1470 ποτ’
500 1405 545 1474 66
567 1405 800 1492 66666666'
785 1433 823 1486 ες
847 1409 957 1485 τέλος
979 1411 1132 1484 κακῶς]

167 1513 281 1570 Moneo
303 1531 386 1568 nunc
408 1526 509 1569 omnec
532 1515 641 1590 semei,
688 1518 728 1575 tu
750 1535 788 1572 ex
810 1514 940 1572 honesto
959 1532 1076 1592 genere
1094 1533 1175 1588 prc-

164 1599 292 1674 geniem
322 1607 453 1654 cerani.
487 1590 562 1658 Nob
585 1561 647 1658 6666
673 1605 786 1679 quippe
809 1621 929 1677 semper
950 1601 1048 1676 infel
1037 1619 1070 1656 66·
1094 1601 1175 1667 erit;

166 1682 379 1756 minuerem,
403 1682 892 1763 siillaadprogeniemretulit3
917 1679 1063 1765 πράξειαν
1057 1683 1172 1741 intell.
1247 1707 1249 1722 ·

167 1769 196 1832 οἱ
209 1767 328 1855 βροτοὶ,
348 1767 393 1840 οἷς
405 1769 502 1831 ταῦτα
505 1769 725 1854 παραγγέλλει.
749 1770 849 1832 Verba
864 1772 1012 1830 videntur
1027 1791 1092 1828 eree
1109 1770 1175 1827 An·

165 1855 286 1931 tiopae,
315 1873 381 1911 sese
402 1853 536 1917 fitiorum
566 1879 624 1935 ope
654 1857 796 1917 servituti
819 1867 956 1938 ereptam
980 1855 1172 1935 gratulantis.

166 1939 290 2002 Tertius
312 1958 418 1996 versus
441 1950 549 2000 estex
571 1942 716 2002 Androm.
743 1943 834 2019 1259.
859 1952 1007 2000 monente
1033 1941 1171 2000 Porsono
1253 1988 1257 1996 .

98 2081 101 2088 ,
139 2099 143 2104 ¹
166 2023 288 2096 advers.
311 2043 342 2101 p.
362 2023 434 2098 274.

189 2201 192 2206 Ι
233 2129 270 2191 in
291 2131 396 2192 eadem
418 2129 492 2190 cede
514 2131 644 2192 fortasse
666 2131 847 2212 legebantur
869 2127 929 2193 duo
946 2135 1113 2213 ,sequentia

228 2248 334 2310 xvsst.
366 2245 502 2328 (XVH.)
536 2249 621 2310 Stob.
647 2251 722 2312 ibid.
754 2271 786 2332 p.
814 2253 887 2312 425.
919 2252 1011 2312 Geen.
1040 2273 1072 2332 p.
1098 2271 1169 2330 296.

166 2337 253 2397 Grot.
280 2345 311 2394 et
333 2332 429 2398 Gaisf.

184 2434 339 2520 Κῆδος
359 2435 458 2498 666’1
469 2427 590 2498 αὑτὸν
611 2433 677 2497 τὸν
699 2433 823 2516 σοφὸν
842 2441 1017 2502 κτᾶσθαι
1035 2437 1167 2526 χρεών.

162 2525 347 2604 Affinitatee
368 2525 422 2600 qui
442 2527 528 2598 capit
550 2535 683 2599 quaeret
697 2545 808 2599 parer.

218 2639 312 2784 GXle.
346 2637 430 2700 Stob.
451 2641 497 2699 tit.
522 2657 574 2716 70
594 2639 624 2720 p.
648 2639 719 2700 460.
744 2641 834 2702 Gesn.
861 2659 909 2726 72.
931 2663 962 2723 p.
986 2660 1058 2722 297.
1083 2639 1167 2700 Grot.

165 2737 196 2787 et
245 2747 288 2784 ars

247 2827 293 2890 Ei
312 2827 398 2900 νοῦς
418 2828 595 2928 ἕνεστιγ·
624 2829 657 2888 66
680 2823 784 2890 δὲ
743 2851 808 2909 μη,
839 2854 875 2892 66
868 2824 956 2891 666
976 2827 1095 2932 καλησ

246 2911 448 2995 γυναικὸς,
473 2915 505 2974 ei
524 2907 572 2990 μὴ
594 2907 660 2984 τὰς
681 2915 827 2998 φρένας
846 2909 1021 2996 χρηστὰς
1042 2913 1136 2996 ὲ’;γοι

163 3018 199 3076 Si
221 3017 295 3074 bene
317 3021 463 3072 animata
487 3026 549 3088 eet,
582 3015 767 3088 perplacet;
804 3018 871 3088 ein,
907 3035 967 3092 quo
987 3011 1068 3070 mtln
1086 3017 1165 3071 Fur-

162 3121 249 3185 moee
277 3103 420 3170 vultum,
455 3111 582 3174 pectore
610 3100 814 3158 intestabili?
857 3103 955 3160 Recte
979 3111 1027 3158 eet
1047 3109 1118 3178 post
1139 3101 1166 3161 εἰ

162 3187 230 3262 6066
251 3177 349 3250 ἔνεστι
371 3185 495 3268 supplet
516 3183 607 3242 etiam
629 3184 765 3250 Velck.¹
755 3207 790 3244 111
812 3195 886 3244 nota
911 3185 975 3244 MS.
998 3185 1076 3245 mihi
1094 3205 1165 3245 ver·

162 3294 226 3336 eus
234 3273 363 3332 omissus
385 3293 450 3332 esse
470 3270 613 3346 videtur,
634 3272 674 3332 ad
696 3291 786 3350 quem
807 3272 860 3332 hic
881 3273 1061 3334 referretur.

226 3383 341 3442 Distuli
370 3383 486 3456 adhuc,
524 3401 602 3461 quae
631 3366 669 3441 de
698 3385 820 3440 musica?
846 3393 877 3442 et
900 3383 1018 3442 bellicis
1047 3381 1165 3440 artibus

161 3470 246 3528 inter
274 3490 306 3528 se
336 3467 525 3547 disputantes
555 3468 669 3526 Zethus
698 3479 729 3527 et
752 3469 907 3548 Amphion
928 3469 1165 3539 inducebantur,

161 3577 226 3613 non
251 3554 331 3632 quod
358 3573 393 3610 ea
423 3557 459 3612 ab
483 3551 630 3632 Euripide
660 3561 728 3632 post
757 3555 945 3634 explicatum
969 3555 1087 3612 exitum
1117 3553 1166 3610 fa-

160 3643 268 3714 bulae,
306 3659 396 3718 quam
427 3637 635 3722 καταστροφὴν
664 3649 772 3714 vocat,
807 3640 912 3718 inepte
940 3647 1085 3714 tanquam
1108 3657 1165 3716 per

161 3737 296 3785 saturam
321 3726 440 3790 adiecta
459 3745 521 3782 esse
544 3725 774 3798 existimarem,
798 3727 852 3782 sed
872 3723 954 3802 quod
977 3723 1164 3799 dubitabam,

161 3823 266 3872 utrum
290 3833 325 3870 ea
350 3811 388 3870 ad
410 3811 497 3868 iliam
519 3811 657 3884 ecenbm,
693 3810 746 3867 ubi
768 3810 902 3888 primum
929 3810 1094 3888 prodibant
1113 3811 1162 3868 iu-

161 3917 276 3973 venes,
296 3897 460 3968 referrem,
484 3917 527 3960 ‚an
552 3896 590 3952 ad
618 3915 700 3970 eam,
730 3895 763 3952 in
786 3915 846 3972 qua
866 3906 995 3955 matrem
1017 3917 1163 3975 agnosce·

162 3987 256 4058 bant,
296 4005 334 4042 an
365 3982 496 4062 denique
520 3981 665 4052 adeam,
701 3979 752 4039 ubi
774 3993 871 4042 matre
893 3983 1011 4060 agnita,
1050 3983 1164 4048 Dircen

163 4070 309 4151 persequi
330 4070 537 4137 instituebant.
575 4065 655 4126 Mihi
677 4067 812 4147 primum
835 4069 1093 4129 verisimillimum
1115 4067 1164 4129 vi-
