2784 4916
73 505 80 517 ’
260 551 327 616 sse
622 538 906 611 rsssruon.

264 721 313 784 lta
327 716 461 780 iudicari
476 716 569 778 etiam
584 716 658 776 licet
671 715 710 776 de
719 711 970 794 ‘ingeniosissimo
983 711 1054 775 tuso
1071 714 1178 792 magni
1195 717 1273 794 pot-

266 818 318 868 ne
349 803 495 879 Goetlrii,
530 803 585 884 qui
612 801 647 860 in
675 801 785 862 libello
805 804 910 862 Kuust
928 801 997 858 und
1016 799 1201 858 Alterrltum
1220 801 1273 858 in«

267 892 381 971 scripto
404 887 459 965 -lV,
482 905 514 950 2.
539 910 571 969 p.
593 886 644 947 26.
670 885 721 961 Vl,
748 907 775 948 ι.
800 907 831 968 p.
855 888 926 964 749.
953 904 994 944 ex
1019 883 1069 943 his
1090 883 1277 966 fragmentis-

269 977 459 1058 tregoedistn
489 975 588 1054 ipsam
616 973 781 1033 restituere
812 983 939 1032 conatus
969 979 1025 1030 est.
1074 968 1122 1030 De
1154 972 1271 1030 codicis

257 1064 388 1142 ‘antiqui
407 1062 559 1141 scriptura
579 1059 622 1120 ita
645 1057 773 1118 llasius:
865 1069 866 1072 ’

260 1189 265 1198 ·
334 1147 489 1214 „Litterae
509 1147 586 1204 hinc
606 1144 696 1204 illinc
715 1153 879 1220 tantopere
900 1149 1103 1215 evanuerunt,
1124 1151 1159 1200 ut
1177 1161 1269 1200 omne

266 1234 380 1314 prioris
404 1232 569 1292 atramenti
590 1229 754 1310 vestigium
776 1228 870 1302 absit,
902 1241 1128 1307 nonnunquam
1149 1247 1270 1306 quoque
1298 1221 1300 1228 ⁴

266 1321 448 1380 membrana
470 1315 601 1396 liquoris
623 1314 798 1376 acritudine
820 1314 1050 1374 sitcousumta.
1089 1312 1190 1374 Maior
1211 1314 1270 1390 igi-

267 1416 319 1464 tur
338 1423 483 1466 versuum
503 1423 575 1482 pers
595 1419 660 1460 non
681 1401 772 1460 aliter
790 1401 854 1478 legi
874 1409 993 1479 potest,
1020 1398 1082 1457 nisi
1104 1419 1198 1476 quum
1219 1402 1269 1458 soe

266 1491 346 1550 liuns
373 1491 434 1548 soli
463 1488 594 1548 adverso
622 1487 811 1548 obtenditur.
859 1483 903 1546 lta
933 1485 989 1548 tol.
1018 1483 1094 1547 cod.
1123 1485 1269 1544 hodierni

262 1576 342 1637 stt.
365 1587 505 1646 rectum,
526 1583 558 1632 et
577 1572 635 1632 fol.
659 1569 730 1632 163.
751 1591 926 1632 ucraumse
946 1571 1070 1634 habent.
1103 1568 1269 1648 Utriusque

260 1661 336 1720 sotii
358 1660 470 1739 pagina
491 1659 589 1719 altera
611 1658 722 1720 litteris
742 1658 838 1737 paulo
859 1655 1044 1723 salsioribus
1065 1655 1192 1714 inducta
1214 1667 1279 1730 est,

261 1767 346 1825 quae
368 1755 491 1817 teman,
529 1744 601 1824 quia
630 1742 736 1804 charta
763 1764 782 1802 a
811 1745 912 1803 scriba
940 1741 1110 1821 posteriore
1136 1741 1268 1822 levigato

268 1843 332 1908 est,
365 1851 431 1892 uon
457 1831 517 1890 nisi
543 1849 681 1890 summae
705 1831 867 1890 oculorum
891 1827 1088 1890 contentioni
1109 1838 1267 1906 apparent.

265 1947 308 1964 -·
335 1915 446 1982 Forma
478 1917 654 1977 litterarum
683 1923 745 1976 tam
780 1915 893 1976 atroci·
918 1934 1014 1976 manu
1044 1919 1265 1984 exstinctarmn

260 2003 487 2080 crassiuscule,
522 2002 681 2062 simillima
703 2001 751 2060 illi
777 2002 918 2080 uidetur,
956 2019 1035 2080 quae
1062 2000 1098 2058 in
1128 2019 1198 2079 epp.
1227 1999 1264 2059 1).-

262 2087 355 2148 l'euli
380 2091 559 2161 inventur,
598 2087 660 2148 nisi
689 2086 772 2167 quod
804 2087 900 2166 magis
929 2085 1094 2147 rotundam
1123 2086 1264 2146 dixerim.

262 2175 500 2243 correctiones,
537 2193 611 2252 quas
633 2175 878 2248 cenomanos,
913 2173 997 2234 casui
1018 2183 1121 2232 tamen
1141 2171 1191 2232 his
1210 2193 1265 2252 pa-

162 2305 168 2320 „
263 2262 352 2339 gellis
372 2261 462 2320 fatali
484 2260 637 2330 anterior,
657 2261 845 2320 necessarias
866 2257 1002 2333 addidit,
1030 2258 1144 2319 litteris
1163 2260 1265 2318 mino-2

261 2347 349 2406 ribus
370 2347 469 2424 iisque
491 2345 588 2425 magis
608 2343 766 2405 inclinatis
789 2346 1027 2424 distinguuntur.
1072 2343 1136 2405 lam
1160 2343 1264 2404 Gries-

264 2431 376 2490 baohio
404 2433 486 2490 enim
512 2431 597 2490 lruno
625 2430 764 2490 codicem
786 2432 975 2510 sagacissime
997 2429 1191 2492 examinanti
1214 2430 1264 2488 irs-¹

260 2517 345 2576 diois
367 2515 449 2576 haud
471 2535 569 2595 pauca
587 2517 811 2593 probaverunt,
846 2537 917 2578 eum
943 2519 981 2576 ab
1010 2515 1138 2576 homine
1165 2516 1264 2574 latino

260 2601 437 2661 litterarum
458 2621 634 2678 graecarum
652 2622 759 2680 parum
781 2623 877 2682 gnaro
898 2621 963 2666 esse
983 2610 1155 2666 excretum.
1201 2599 1264 2660 ttae

259 2687 337 2746 bant
364 2686 421 2746 ha'e
449 2688 595 2766 pagellae·
611 2689 779 2768 rescriptae
808 2690 924 2748 similis
949 2689 1115 2768 quaedam,
1153 2687 1262 2748 eodem

260 2774 412 2851 scriptore
433 2772 535 2851 digna.
557 2771 688 2832 Errores
704 2776 742 2834 sb
766 2795 804 2834 eo
826 2773 1011 2836 commissos,
1021 2774 1174 2834 litterator
1191 2775 1262 2851 qui·

260 2859 335 2920 dam.
352 2861 508 2930 correxit,
529 2869 672 2920 accentus
691 2881 813 2940 quoque
834 2871 866 2920 et
884 2860 1089 2940 apostrophos
1105 2859 1270 2936 imprimis-

171 2951 173 2956 ’
260 2945 388 3004 adden-s.
431 2944 506 3020 Sic,
528 2944 692 3024 'utpsuss
721 2965 913 3021 memorem,
941 2945 975 3006 in
995 2945 1125 3026 paginae
1147 2946 1260 3004 tertiae

193 3061 197 3064 ·
259 3037 356 3090 vereri
384 3031 475 3109 tertio
503 3029 608 3092 cline
636 3032 800 3110 scripserat
825 3030 972 3094 librarius
993 3036 1059 3098 ΛΓ
1055 3034 1106 3098 ΕΙ
1130 3031 1214 3109 quod
1240 3052 1260 3090 a

257 3117 427 3176 litteratore
448 3116 566 3176 seriore
584 3118 619 3175 in
638 3114 751 3182 ΑΧΕῘ
764 3127 809 3178 est
829 3127 997 3193 mutatum
1018 3120 1052 3177 in
1075 3116 1182 3182 eadem
1202 3137 1259 3196 pa·

257 3202 330 3279 gine
349 3203 419 3262 loco
441 3210 576 3260 ceterum
602 3204 866 3280 perturbatissimo
891 3203 921 3268 Ξ
941 3224 994 3282 per
1018 3203 1082 3288 KG
1099 3223 1260 3280 expresse-v

256 3295 315 3344 rat.
354 3285 424 3365 Pag-
447 3289 477 3348 4.
512 3281 697 3362 ΕΛΩΚΕΙ,
723 3300 828 3370 postca
854 3284 1077 3354 ΤΤΠΛΟΤΝ
1091 3287 1256 3367 legebatur.

255 3366 364 3432 Senior
384 3371 433 3430 hic
453 3371 657 3452 calligraphus
675 3375 803 3442 uomina
822 3363 1024 3454 personarunt
1046 3374 1179 3454 margini
1199 3392 1256 3452 ap*

255 3477 376 3536 ponens
406 3457 444 3516 de
466 3459 638 3536 fragmento
659 3459 755 3522 hocce
778 3463 894 3541 optime
916 3462 1039 3523 meruit.
1081 3461 1162 3520 Sunt
1180 3460 1255 3519 illae

252 3553 407 3623 personae,
437 3545 571 3608 ΦΛΕΘ.
612 3541 801 3621 ΜΕΡΟΨ,
835 3549 996 3615 ΘΕΡΑΠ·
1024 3563 1060 3631 χο
1093 3555 1124 3604 el
1157 3547 1253 3608 TPO·

252 3629 490 3690 Aecuratissime
511 3630 569 3690 hae
590 3635 798 3692 correctiones
820 3643 851 3692 et
871 3653 1021 3711 personae
1042 3653 1061 3690 a
1081 3633 1254 3690 litteratore

253 3715 378 3774 additae
401 3716 495 3774 rubro
524 3717 644 3794 liquore
672 3729 745 3778 sunt
773 3727 905 3778 notatae.
944 3720 1005 3780 Sed
1026 3737 1252 3796 nonnunquam

251 3810 343 3859 notae
364 3802 436 3861 illae
457 3801 538 3860 nihil
557 3803 596 3862 ad
616 3812 736 3864 textum
757 3803 994 3884 explicandum,
1037 3803 1180 3864 mutilum
1209 3802 1253 3860 il*-

251 3884 333 3955 lum‚
367 3887 411 3943 uti
439 3905 522 3944 nunc
552 3895 613 3960 cst,
653 3891 791 3966 faciunt,
825 3889 1080 3969 ¹quondoquidem
1107 3889 1251 3950 tenebras

249 3971 385 4031 reddunt
415 3972 622 4049 obscuriores,
667 3986 702 4036 ut
733 3978 769 4036 in
796 3977 963 4056 fragmenti
987 3976 1074 4034 linea
1102 3984 1249 4034 extrema.

248 4051 271 4115 li
295 4074 420 4131 versus,
441 4059 605 4134 quirubro
628 4062 732 4122 colore
753 4063 902 4142 celantur,
922 4060 975 4122 cui
994 4062 1093 4120 scriba
1115 4061 1149 4120 in
1171 4059 1249 4118 solio

249 4137 318 4199 163.
339 4162 429 4200 verso
453 4144 584 4202 minime
606 4148 764 4224 pepercit,
786 4151 875 4210 nobis
896 4167 1020 4229 prorsus
1044 4145 1248 4221 interieruut3

243 4246 321 4304 pars,
334 4231 391 4288 sub
412 4228 510 4306 nigris
534 4229 660 4290 titteris*
673 4233 767 4310 latet,
804 4235 897 4312 etii,
934 4234 988 4313 qui
1010 4233 1045 4292 in
1067 4231 1246 4316 purioribus
