2778 4922
222 463 342 556 ss,f
586 421 864 518 ircnsron.

276 631 372 699 otta
394 627 485 712 φίλσ
504 619 688 714 πρόβατε
730 619 827 710 μόλε
850 609 927 699 τλς·
981 619 1064 690 ddi
1085 619 1233 688 cnoda-

272 715 347 792 πός
370 743 386 782 ο
376 715 517 794 ξένος
564 719 785 794 Κορίνθιος
806 710 922 792 ἔμολε
944 707 1168 794 ἀγχίαλος

233 841 311 901 qnae
341 823 384 880 sic
415 816 593 878 emendavit
621 815 787 876 Hermann.
816 817 849 876 in
877 813 989 874 litteris
1012 813 1049 871 ad
1074 815 1234 894 medatis,

234 907 356 988 quibus
364 905 483 986 primus
503 902 583 968 illud
605 901 712 981 fragm.
736 923 854 960 mecum
877 899 1140 961 communicabat.

587 984 717 1068 φίλαι,
751 984 883 1090 φίλαι,

274 1071 472 1162 πρόβατε,
500 1065 659 1156 μόλετσ·
703 1075 761 1146 τίς
784 1063 866 1145 dds,
886 1064 1109 1144 ποδαπὸς
1092 1095 1109 1134 ο
1131 1071 1238 1148 ξένος

400 1159 652 1241 Κορινθίοις
680 1155 823 1238 ἔμολεν
855 1152 1067 1240 ἀγχίαλοςς

238 1279 256 1320 e
278 1261 391 1338 quibus
411 1262 537 1320 ultimus
559 1281 665 1319 versus
688 1280 705 1319 e
727 1259 856 1338 dipodia
876 1259 1007 1318 iambica
1030 1265 1148 1316 constat
1169 1280 1239 1322 oum

201 1429 204 1442 Ι
238 1345 395 1406 dochmio.
437 1346 535 1406 Chori
555 1347 652 1407 verba
674 1366 740 1406 esse
763 1348 853 1406 etiam
877 1365 893 1404 e
916 1353 1013 1402 metro
1036 1354 1175 1424 apparet.

303 1463 365 1526 VII.
395 1461 517 1543 (VIII.)
545 1461 631 1524 Stob.
654 1462 701 1521 tit.
724 1460 774 1520 88.
798 1481 830 1542 p.
845 1463 917 1524 500.
938 1461 1030 1522 Gean.
1048 1477 1098 1536 90.
1117 1481 1148 1540 p.
1165 1461 1239 1528 363.

241 1548 327 1608 Grot.
348 1559 381 1609 et
403 1550 500 1612 Gaiss.

321 1638 362 1714 ’.Ω
382 1659 456 1714 παῖ
476 1650 701 1754 Κρέοντος,
715 1642 761 1719 uic
779 1636 972 1752 ἀληθὲς
952 1672 994 1736 ην
1016 1641 1103 1730 dou,

324 1731 567 1799 ἓσθλαυάπ
577 1731 725 1816 ἀνδρῶν
743 1725 873 1796 ἐσθλοὶ
890 1729 1245 1840 μίμνοσθαιτέκκα,

326 1811 548 1884 κακῶνδ”
531 1843 713 1901 σμσια]
669 1818 714 1912 τῆ
736 1809 853 1898 φύσει
874 1821 920 1908 τῇ
940 1820 1008 1882 τοῦ
1029 1813 1192 1902 πατρός.

244 1919 316 1980 Fili
336 1925 495 1988 Creontis,
519 1943 614 1998 quom
636 1934 725 1982 vetus
748 1925 906 1980 sententia
945 1924 1003 1985 Est
1024 1943 1118 2026 vesp,
1135 1927 1247 2004 sortes

239 2013 410 2082 procreari
424 2008 591 2084 fortibus,
635 2007 785 2082 Maiaque
808 2005 849 2062 ab
871 2021 943 2066 ortu
961 2012 1089 2084 proceri
1113 2011 1247 2071 sobolem

245 2095 373 2152 malam.
414 2092 539 2151 Barnea.
567 2091 642 2150 huic
670 2092 777 2169 fragm.
803 2092 1008 2152 subinnxerat
1028 2091 1127 2170 alind,
1165 2097 1248 2174 quod

244 2177 361 2236 ibidem
385 2177 516 2255 legitur,
552 2175 607 2236 sed
632 2197 650 2234 a
677 2187 784 2234 nostro
811 2176 991 2238 distinctum
1017 2179 1050 2236 in
1076 2181 1123 2240 ed.
1153 2181 1247 2248 Gesn.

247 2283 318 2321 nam
345 2264 379 2320 in
403 2263 592 2323 TrincaveII.
613 2261 707 2320 deest.
730 2262 881 2338 Musgrav.
900 2265 983 2324 inter
1003 2266 1122 2326 incerta
1141 2271 1250 2330 retulit

247 2343 358 2408 thll.
377 2347 557 2408 Boissonad.
579 2346 704 2406 Barnea.
725 2347 869 2425 sequitur.

248 2451 480 2596 dflSpqnentia
506 2449 547 2510 ad
574 2458 675 2510 utram
704 2448 842 2510 fabulam
868 2460 1025 2531 spectent,
1065 2473 1130 2514 nou
1152 2454 1251 2516 ausim

271 2557 285 2596 e
311 2557 389 2594 mre.

310 2645 387 2706 VIII.
420 2643 488 2724 (1.)
522 2640 880 2762 Aristoph.Eq.129p.

356 2743 456 2813 Οὐδὲ
476 2741 736 2814 πυνθάνεσθε
757 2739 876 2820 ταῦτ’,
899 2771 923 2806 ω
909 2735 1161 2847 παρθένοι,
1184 2745 1254 2814 τᾶν

833 2830 879 2922 τῆ
907 2823 1046 2912 πόλεις

249 2935 304 2996 ubi
327 2931 431 2998 Schol.
455 2926 591 3016 ὃστλχος
611 2928 646 2996 di
665 2923 750 3014 nupsi
774 2929 813 2995 τοὶ
842 2931 873 3004 ἐξ
893 2927 1102 3014 Αλκμαίατος
1127 2935 1255 3020 Εὐριπί-

251 3019 316 3088 dou
360 3020 479 3099 ltaque,
520 3021 545 3076 si
568 3029 644 3078 v'era
667 3029 712 3076 est
734 3017 911 3080 coniectura
936 3040 1004 3076 mea
1023 3041 1114 3100 supra
1136 3042 1256 3102 propo-

139 3173 143 3178 ,
251 3107 327 3180 sita,
361 3107 579 3164 Alcmaeonem
587 3103 653 3177 τὸν
673 3097 723 3168 διὰ
753 3100 902 3182 Ψωφῖδος
922 3106 1059 3180 priorem
1082 3107 1194 3182 fuisse,
1217 3107 1257 3168 ad

250 3192 332 3252 hanc
354 3192 491 3250 fabulam
511 3190 719 3268 fragmentum
734 3189 931 3248 referendum
950 3191 1019 3250 orit.
1054 3189 1179 3250 I‘ausan.
1195 3194 1215 3254 I.
1230 3214 1256 3253 c.

254 3280 425 3381 Τέθαπτορ
454 3272 489 3338 di
516 3273 566 3336 καὶ
591 3269 762 3355 Αλκμαίοον
795 3273 827 3336 ἐν
855 3269 1028 3376 2Piopido‘
1011 3299 1026 3337 ο
1052 3273 1258 3380 Αμφιαρᾶου,

251 3366 305 3427 καί
335 3365 364 3426 οῖ
392 3360 426 3425 τὸ
457 3357 560 3442 μνῆμά
586 3362 666 3424 ἔστιν
698 3357 808 3464 οἴκημα
836 3353 903 3421 οὔτε
925 3359 1101 3442 μσγὲθει’
1074 3359 1141 3425 σύτο
1160 3359 1259 3436 ἄλλως

252 3451 484 3548 κεκοσμημένον
526 3446 595 3552 περὶ
629 3443 664 3510 δὲ
701 3441 774 3508 oiri
812 3438 998 3553 κυπάρισσοι
1025 3471 1259 3556 πεφμκασιυς
1228 3451 1259 3520 ἐς

253 3536 401 3598 τοσοῦτον
422 3522 500 3614 dapar
520 3526 703 3613 ἀνήκουσαι,
746 3519 891 3593 ὥστεκαὶ
913 3530 948 3591 τὸ
972 3527 1041 3615 ὅρος
1063 3531 1097 3594 τὸ
1122 3532 1202 3616 πρὸς
1222 3534 1260 3612 τῇ

258 3615 385 3696 woerda
409 3614 663 3692 κατεσκιάζετο
647 3641 689 3677 υπ
719 3611 828 3678 auctir.
874 3609 986 3689 ταύτας
1015 3619 1067 3680 οὐκ
1095 3617 1261 3682 ἐθέλουσιν

40 3705 43 3714 ’
136 3764 138 3769 s
212 3778 214 3784 Ι
254 3699 414 3767 ἐκκόπτειν
442 3697 522 3787 ἱερὰς
550 3699 604 3766 τοῦ
621 3698 836 3778 Ἀλκμαίωνος
865 3701 1052 3777 νομίζοντες·
1095 3699 1262 3766 καλοῦνται

256 3787 332 3852 di
319 3783 378 3852 und
407 3813 468 3854 των
494 3789 654 3872 ἐπιχωρίων
684 3784 847 3864 παρθένοι.
892 3785 999 3856 Quid?
1039 3787 1065 3844 si
1096 3785 1261 3870 Euripides

256 3878 290 3935 in
312 3875 367 3934 has
393 3875 537 3947 arbores,
560 3882 677 3931 mutata
698 3871 818 3943 sorma,
841 3872 985 3930 transisse
1006 3872 1162 3950 virgines,
1187 3894 1262 3954 quas

255 3960 317 4019 hoo
339 3979 430 4019 versu
452 3959 634 4037 compellat,
669 3953 763 4015 finxit
785 3964 815 4014 et
835 3957 879 4015 ita
902 3957 1100 4037 Aristophani
1121 3960 1170 4017 sui
1189 3959 1263 4018 irri.

257 4044 354 4104 dandi
375 4065 481 4103 ansam
502 4042 605 4101 dedit:
638 4061 711 4100 nam
740 4043 767 4100 is
796 4041 976 4126 παρθένους
1004 4055 1094 4108 vocat
1119 4046 1261 4110 triremes
1305 4039 1309 4046 ’

258 4129 313 4206 τὰς
334 4124 424 4213 μήπω
445 4125 628 4200 πλευσοισας
