2778 4922
192 471 199 482 ¹
245 392 283 472 τε
597 387 895 454 incestius.

245 655 270 714 G
311 567 346 626 X.
379 559 511 646 (XXX.)
539 561 622 622 Stob.
641 564 685 622 tit.
702 581 753 644 29.
771 587 801 646 p.
822 583 889 646 199.
914 563 1007 624 Geen.
1026 565 1104 628 ibid.
1125 585 1156 644 p.
1176 584 1249 647 ¹27·

274 663 330 710 rot.
1005 686 1009 694 ·

334 750 411 814 Οὐκ
431 751 558 817 ἔστιν,
581 743 695 824 ὅστις
714 745 837 830 ἡδέως
857 749 980 833 ζητῶν
999 750 1119 859 γλοοῦν

331 833 515 900 εὔκλειαν
536 827 795 918 εἷσεκτήσατζ
821 832 921 900 ἀλλὰ
942 861 1010 920 γρη
1031 847 1176 902 πονεῖν.

248 945 347 1003 Nemo
368 943 503 998 οιὶὸεατπ
524 940 661 996 molliter
682 943 783 998 vitam
803 939 936 998 trahens
951 945 1083 999 Famam
1099 943 1250 1016 paravit,

246 1049 324 1106 quae
343 1029 440 1084 datur
456 1025 635 1082 sudoribus.

310 1143 362 1204 xl.
385 1143 464 1204 lbid.
487 1163 517 1222 p.
544 1113 615 1216 398.
646 1139 736 1200 Gesn.
757 1161 788 1219 p.
814 1141 883 1201 125.
909 1142 996 1204 (ἶσοι
1018 1141 1079 1202 hoe
1099 1143 1193 1204 etiam
1215 1145 1250 1204 in

247 1232 297 1292 ed.
328 1231 423 1292 Gesn.
454 1239 485 1288 et
511 1227 577 1286 cod.
610 1225 705 1286 Paris.
735 1225 768 1284 B.
807 1229 846 1286 ad
882 1227 1065 1290 Aichelaum
1094 1230 1249 1290 refertur:

247 1319 328 1396 quod
354 1319 474 1374 incerto
504 1311 622 1378 auctori
646 1313 760 1372 tribuit
782 1313 867 1372 Grot.
895 1348 937 1360 -
967 1333 1040 1375 nam
1059 1314 1146 1375 locus
1162 1317 1251 1376 deest

246 1405 282 1462 in
305 1402 399 1461 Paris.
421 1401 455 1461 A.
476 1431 520 1445 -
545 1406 576 1458 et
598 1397 701 1456 omisit
722 1397 833 1478 Musgr.

291 1513 362 1577 Σοὶ
382 1507 414 1574 δ’
431 1507 561 1580 εἷπον,
582 1496 606 1568 ὦ
625 1515 713 1580 παῖ,
742 1503 809 1580 τὰς
829 1503 946 1594 τύγας
967 1509 1007 1574 ἐκ
1029 1509 1102 1572 τῶν
1123 1503 1251 1576 πόνων

290 1598 431 1680 θηρᾶν·
463 1588 555 1677 ὁρᾷς
574 1587 644 1674 γὰρ
666 1589 734 1655 σὸν
756 1597 909 1679 πατέρα
932 1589 1163 1676 τιμώμενον.

249 1715 322 1769 Ηοε
339 1729 371 1765 οε
387 1707 567 1772 monendus,
589 1715 674 1774 nate,
689 1705 864 1784 fortunam
879 1705 968 1764 labor
990 1709 1154 1779 Venaturss
1177 1707 1253 1766 Ιιίπσ

250 1807 314 1863 est,
339 1795 423 1871 quod
436 1791 498 1847 coli
510 1802 637 1864 patrem
653 1791 749 1848 vides.
780 1789 841 1861 Qui
861 1811 968 1851 versus
991 1793 1017 1850 εἰ
1039 1813 1078 1850 ex
1100 1791 1252 1854 Archelao

250 1879 389 1957 decerpti
409 1885 496 1944 sunt,
519 1875 557 1933 ad
581 1875 752 1936 orationem
774 1875 869 1935 Cissei
892 1877 1072 1937 Archelaum
1095 1879 1133 1937 ad
1155 1879 1253 1936 susci·

249 1966 400 2045 piendum
436 1962 550 2021 bellum
590 1961 734 2040 exemplo
768 1961 866 2041 patris
898 1962 1030 2022 Temeni
1063 1963 1253 2024 cohortantis

248 2054 405 2132 pertinere
426 2047 583 2108 videntur.

313 2173 378 2237 xlt.
403 2173 489 2234 stob.
510 2174 558 2232 tit.
580 2190 629 2251 29.
658 2193 689 2250 p.
711 2190 784 2233 τοο.
811 2175 904 2237 Gesn.
926 2195 957 2256 p.
983 2191 1052 2255 129.
1080 2177 1166 2238 Grot.

253 2369 260 2380 ἱ
335 2283 412 2350 Σὺν
433 2285 611 2366 μυρίοισι
635 2279 678 2345 τὰ
699 2278 800 2371 καλὰ
820 2289 999 2368 γίγνεται
1018 2279 1169 2362 πόνοις.

250 2396 392 2455 Laboree
418 2398 502 2453 inter
531 2395 633 2454 multa
657 2393 798 2472 pulchra
820 2417 852 2452 σε
875 2409 1031 2454 exserunt.
1071 2397 1116 2457 Ad
1141 2397 1256 2457 Arche·

251 2485 334 2541 laum
357 2480 491 2542 refertur
512 2480 547 2539 in
569 2478 655 2545 Voss,
679 2489 710 2539 et
733 2479 829 2540 Paria.
855 2483 935 2558 apud
958 2479 1093 2544 Brunck.
1119 2484 1157 2542 ad
1185 2487 1256 2544 Ari-

252 2567 354 2644 stoph.
375 2563 458 2624 Eccl.
480 2584 529 2642 70.
551 2587 612 2644 quo
638 2564 840 2626 confirmatur
860 2570 950 2626 etiam
974 2559 1155 2629 coniectur'a
1177 2569 1256 2630 Hea-

252 2653 311 2711 thii
333 2650 515 2729 corrigentis
536 2655 670 2736 μυρίοισι
689 2671 747 2730 pro
768 2655 896 2736 μυρίοις.
927 2653 988 2712 Sed
1011 2655 1055 2713 sic
1077 2656 1138 2714 iem
1163 2654 1258 2716 Trin-

254 2758 318 2822 eaV.
335 2737 449 2796 habere
469 2739 589 2797 notavit
612 2735 734 2796 Porson.
754 2741 836 2818 apud
855 2739 1027 2800 Dobraeum
1049 2741 1088 2800 ad
1106 2739 1190 2800 Eccl.
1208 2759 1258 2818 70.

316 2853 392 2916 XIII.
414 2853 492 2931 (X.)
513 2853 599 2916 Stob.
624 2855 671 2914 tit.
695 2855 745 2913 52.
774 2876 805 2934 p.
827 2854 901 2918 560.
931 2856 1020 2918 Gesn.
1045 2859 1095 2920 54.
1124 2880 1157 2940 p.
1180 2861 1255 2923 205.

255 2941 341 3004 Grot.
363 2952 394 3002 et
416 2939 514 3002 Gaius.

226 3085 230 3092 -
341 3071 528 3090 ·····
558 3039 696 3124 ὃλλγον
726 3035 893 3122 ὅλκιμον
922 3036 1019 3126 δόρυ

340 3136 524 3208 κρεῖσσον
552 3129 773 3208 στρατηγοῦ
797 3133 936 3212 μυρίον
956 3125 1258 3213 στρατεύματος,

256 3231 389 3290 Modica
410 3229 469 3286 sed
481 3229 589 3307 fortis
610 3247 722 3286 manue
743 3234 849 3290 Multo
870 3237 1039 3308 imperanti
1062 3237 1173 3292 melior
1198 3239 1260 3294 im-

257 3336 360 3372 memo
382 3317 520 3390 agmine.
559 3315 635 3374 Nam
660 3313 784 3374 Grotius
807 3315 893 3377 dedit
913 3319 1077 3401 στρατηγῷ.
1122 3319 1184 3380 Sed
1205 3323 1259 3381 de-

258 3409 304 3458 est
326 3400 443 3478 aliquid
465 3397 503 3457 ad
524 3403 707 3460 sententiam
730 3403 931 3480 explendam:
977 3427 1048 3464 nam
1078 3425 1144 3466 non
1173 3409 1260 3467 omni

257 3487 411 3546 immenso
440 3485 562 3563 agmine
590 3487 702 3546 melior
725 3483 781 3547 'est
813 3508 911 3567 parva
938 3492 1006 3567 sed„
1020 3493 1110 3550 sortis
1140 3513 1261 3566 manus,

257 3573 311 3630 sed
332 3572 485 3630 immenso
514 3575 654 3632 exercitu
680 3574 809 3633 imbelli.
834 3576 915 3654 quod
937 3577 999 3636 dici
1021 3587 1142 3656 poteret
1162 3588 1261 3660 κρεῖσ-

257 3679 313 3721 σον
332 3650 502 3738 κσκύνδρου
522 3663 628 3740 μορίου
646 3653 874 3738 στρατεύματος.

322 3773 401 3832 XlV.
424 3771 540 3853 (xm.)
564 3773 650 3834 Stob.
667 3774 716 3833 tit.
737 3777 787 3854 49.
810 3799 841 3858 p.
864 3776 937 3838 355.
959 3775 1050 3838 Gesu.
1072 3778 1122 3837 51.
1142 3800 1173 3859 p.
1191 3779 1261 3858 ¹9⁵·

259 3859 345 3932 θεοῖ.
368 3869 398 3918 et
420 3859 515 3918 Gaisf.

296 3959 439 4045 Ὀλίγον
456 3956 529 4044 γὰρ
551 3959 694 4023 ἐσθλοὶ
712 3965 938 4042 κρείσσονες
957 3959 1110 4028 πολλῶν
1127 3967 1260 4030 κακῶν.

259 4064 385 4124 Imbelle
406 4063 524 4142 vulgae
546 4075 696 4121 anteeant
713 4069 812 4140 pauci
833 4079 864 4125 et
885 4067 968 4125 boni.
