2818 4924
399 541 535 605 tuos.
569 523 879 606 ‘toronicus
1102 568 1144 631 99

134 793 184 862 A
198 714 286 776 XIII·
316 709 402 775 idem
427 717 529 799 Κέρας
557 709 677 800 ὄρθιον
716 712 869 802 ἥιευριί·
912 717 1083 806 Εὐριπίδης
1109 725 1142 787 ir

166 823 231 888 oyy

195 915 272 977 XIV.
310 915 446 978 Gramm
440 915 688 1020 Sangerm.1n
709 917 807 980 Bekk.
830 921 939 983 anecd.
963 907 994 1004 p.
1017 924 1089 1000 116,
1111 926 1141 998 ιζ
1211 943 1217 947 ·

135 996 447 1106 (lithospermo,
439 993 514 1085 o'rri
538 995 1012 1092 aorn'desapiidepoporiiyu
1048 1009 1141 1094 Εὐρι-
1170 1065 1174 1074 .

129 1083 220 1171 triduo
238 1083 335 1178 Αὔγῃ

196 1195 295 1268 Quem
314 1213 440 1258 versum
463 1215 503 1256 ex
524 1195 681 1302 Euripidis
698 1200 781 1279 Auge
796 1201 872 1260 citet
889 1111 1016 1282 Diogin.
1035 1203 1134 1268 Laert.

127 1283 234 1356 11‚33.
266 1280 492 1366 Edpmidov’sr
513 1310 550 1378 τη
536 1281 657 1374 Αὔγῃ
675 1280 814 1358 εἰπόντος
829 1287 900 1367 περὶ
921 1288 1043 1373 ἀρετῆς

312 1381 550 1470 Kpduasor’
523 1387 590 1470 εικῆ
609 1389 684 1452 ταῦτ
689 1382 807 1450 '’iir
789 1389 935 1468 αφιιμὲια

126 1507 218 1566 quem
239 1488 362 1548 G1otius
386 1487 460 1547 Exc.
486 1510 516 1569 p.
533 1487 605 1568 375.
627 1499 657 1550 et
681 1487 833 1550 Bornos.
822 1511 856 1550 m
876 1491 913 1552 fr.
933 1491 1056 1550 fabulae
1073 1513 1133 1594 po-

126 1582 257 1632 suerunt
282 1596 315 1633 v.
341 1593 366 1632 ι.
389 1574 416 1632 is
437 1583 483 1633 est
506 1571 646 1636 Electrae
670 1595 699 1636 v.
723 1575 795 1653 377.
831 1576 980 1638 Eumdem
1003 1580 1132 1656 respicit

123 1658 300 1826 ξιοιέςὸίέι.
248 1659 311 1721 .de
326 1661 449 1720 sublim.
470 1669 549 1720 extr.
572 1663 626 1721 ubi
649 1662 713 1726 vid.
736 1659 861 1724 Ruhnk.
886 1680 918 1742 p
935 1664 1010 1741 267¹.
1031 1664 1130 1748 Toup.

528 1951 734 1978 *wo-.-

285 2153 392 2298 ιιι(
450 2195 965 2346 Aurotrco,

258 2465 262 2472 Ι
374 2397 598 2448 nusum
632 2399 882 2450 oteramo.

119 2559 284 2672 Febulem
300 2593 443 2673 Autolyci
458 2603 582 2656 enarrat
596 2591 707 2676 Hygin.
726 2595 747 2655 f.
762 2611 836 2655 201.
859 2599 1043 2668 Mercurius
1057 2596 1128 2660 ‘Auss

118 2681 220 2756 tolyco
228 2721 240 2748 ,
261 2699 298 2736 ex
317 2680 434 2740 Chione
449 2701 539 2758 quem
549 2679 807 2758 procreaverat,
824 2687 948 2740 muneri
962 2685 1067 2755 dedit,
1091 2699 1129 2745 ut

110 2765 346 2842 furacissime
370 2779 529 2824 essetnec
555 2765 842 2843 deprehenderetur
864 2775 899 2824 in
917 2769 1035 2848 furto,
1074 2785 1126 2842 ut,

116 2850 275 2928 quidquid
300 2854 527 2931 surripuisset,
561 2853 597 2908 in
621 2871 836 2930 quamcunque
867 2854 1003 2931 effigiem
1031 2857 1083 2915 vei
1083 2858 1128 2914 let

116 2947 405 3007 transmutaretur,
431 2958 468 2994 ex
483 2938 584 2996 atto
571 2957 605 2992 m
625 2941 754 3016 nigrum
776 2939 828 2996 vei
847 2955 884 2994 ex
906 2941 1001 3017 nigro
1020 2943 1055 2996 in
1073 2943 1126 2998 ai-

116 3024 211 3091 hum,
238 3023 273 3078 in
297 3035 463 3079 cornutum
486 3043 524 3080 ex
544 3023 675 3094 mutilo,
704 3025 740 3079 in
761 3023 905 3080 mutilum
927 3042 965 3080 ex
986 3037 1125 3104 cornuto.

116 3110 152 3168 Is
166 3127 260 3186 quum
279 3105 408 3184 Sisyphi
417 3127 518 3184 pecus
535 3103 695 3164 assidue
682 3108 842 3166 involaret
859 3127 916 3166 neo
939 3109 979 3168 ab
1003 3131 1036 3168 eo
1048 3131 1126 3188 pos-

116 3207 165 3250 set
189 3191 397 3270 deprehendi,
427 3196 528 3250 seasit
550 3211 621 3250 eum
635 3193 770 3274 furtum
794 3193 857 3251 sibi
870 3195 1013 3273 faeere,
1042 3199 1127 3273 quod
1187 3249 1190 3264 ,

115 3279 209 3335 iilius
233 3299 380 3336 numerus
401 3279 585 3358 augebatur
601 3291 633 3338 et
650 3296 727 3338 suus
751 3279 961 3340 minuebatur.
1002 3285 1066 3362 Qui
1089 3298 1127 3341 ut

114 3383 188 3420 eum
202 3363 465 3444 deprehenderet,
488 3367 522 3422 in
536 3383 687 3441 pecorum
701 3367 834 3445 ungulis
849 3373 956 3424 notam
968 3370 1127 3445 imposuit.

117 3452 183 3528 Qui
210 3470 280 3506 oum
305 3452 399 3506 solito
424 3471 510 3508 mare
532 3454 725 3522 involasset,
762 3463 793 3510 et
817 3453 968 3531 Sisyphus
991 3453 1036 3512 ad
1057 3475 1128 3512 eum
1185 3513 1190 3524 ,

113 3538 271 3604 venisset,
303 3547 334 3592 et
351 3553 470 3611 pecora
494 3555 554 3594 sua
579 3558 617 3595 ex
636 3537 768 3617 ungulis
793 3539 1020 3613 deprehendit,
1047 3559 1127 3616 quae

113 3622 171 3677 ille
195 3621 411 3692 involaverat,
436 3635 468 3680 et
483 3623 643 3682 abduxit(
682 3624 746 3703 Qui
763 3643 859 3701 quum
875 3626 922 3682 ihi
937 3639 1127 3700 moraretur,
1241 3674 1268 3702 -.

114 3705 270 3782 Sisyphus
298 3708 480 3766 An'tioh‘am
503 3711 654 3810 Autolyci
668 3711 713 3784 fii
713 3713 778 3768 iam
805 3712 1007 3786 compressit,
1046 3729 1128 3786 quae

106 3805 224 3867 postea
247 3792 387 3850 Laertae
410 3795 492 3852 data
519 3807 567 3852 est
590 3797 626 3852 in
649 3796 851 3871 coniugium,
885 3813 923 3850 ea
946 3815 1009 3872 quo
1032 3809 1130 3854 uatus

113 3889 163 3934 est
194 3879 329 3954 Ulysses.
371 3881 447 3937 Ideo
473 3877 618 3938 nonnulli
643 3892 791 3939 auctores
817 3881 930 3938 dicunt
962 3883 1130 3958 Ypsipylon
1203 3895 1234 3918 ··

113 3960 126 4041 (
139 3959 279 4040 Σισύφου
294 3954 383 4042 vida)
404 3965 450 4024 Ob
468 3964 528 4022 hoc
553 3963 592 4022 U
580 3968 676 4040 ysses
702 3975 851 4023 versutus
866 3965 950 4044 suit.
987 3968 1133 4044 Autolyci

113 4051 274 4128 ingenium
299 4058 331 4106 et
350 4069 455 4108 mores
464 4093 473 4125 ,
491 4059 599 4148 prout
614 4048 649 4106 in
663 4047 722 4107 hoc
737 4049 842 4108 fabula
860 4051 897 4109 ab
913 4049 1064 4134 Euripide
1079 4073 1130 4110 re·

111 4143 372 4213 praesentantur,
395 4155 428 4195 se
456 4135 646 4215 expressisse
668 4134 831 4214 profitetur
851 4135 979 4198 Taetees
1001 4137 1133 4198 Chilisd.

112 4223 292 4306 VltI,A*'su
318 4239 387 4300 sqq.
432 4219 519 4282 Duos
544 4221 610 4283 eius
633 4221 781 4282 dramatis
807 4221 1072 4366 suiegeeditiones
1091 4243 1135 4281 ex

908 4327 926 4368 2
