2778 4922
447 1004 543 1084 ex
596 1001 847 1122 tuost.

545 1215 753 1230 ——u-n

132 1383 137 1395 '
153 1337 311 1452 Ἀλόπην
324 1368 446 1430 fabulae
461 1371 587 1432 titulum
602 1363 707 1446 suisse',
726 1390 791 1430 non
809 1363 973 1450 Κερκυόνα,
992 1371 1047 1430 etsi
1062 1371 1154 1449 quin·

92 1495 102 1504 -
150 1459 236 1538 quies
251 1458 296 1516 sio
309 1455 347 1514 ab
360 1455 519 1517 Euststlsio
536 1459 694 1532 laudetur,
722 1457 852 1536 probare
873 1458 990 1520 studuit
1007 1457 1154 1518 Valcken.

152 1545 242 1604 diets
267 1564 296 1640 p.
317 1559 364 1602 ιι.
384 1543 471 1603 ouius
492 1541 1155 1622 sententisegregieconfirnseturmsrsnore

150 1629 207 1688 illo
226 1629 367 1706 antiquo,
395 1629 430 1686 in
451 1649 512 1707 quo
530 1623 645 1703 Ἀλόπῃ
664 1639 785 1690 tentum
806 1630 838 1688 in
863 1627 1020 1710 Euripidis
1041 1629 1156 1692 tabulis

153 1723 421 1775 commemoratur.
451 1715 616 1776 Historiam
634 1715 745 1796 Alopes
759 1719 951 1794 persequitur
967 1715 1076 1795 Hygln.
1091 1716 1154 1776 seb.

157 1804 227 1878 187.
268 1800 387 1875 Alope,
408 1804 574 1880 Cercyonis
594 1803 670 1875 filio
684 1802 926 1880 sormosiees'ma
948 1823 1043 1880 quum
1065 1814 1158 1869 esset,

155 1889 325 1962 Neptunus
342 1905 411 1942 earn
426 1891 611 1962 compressit
620 1907 632 1956 ‚·
660 1907 722 1966 quo
738 1908 776 1944 ex
793 1892 1022 1962 compressione
1031 1889 1160 1964 peperit

154 1971 337 2050 infantem,
359 1989 449 2046 quem
463 1976 564 2030 inscio
574 1985 670 2048 patre
687 1975 809 2030 nutriet
825 1973 924 2031 dedit·
937 1973 1160 2048 exponendum.

159 2058 223 2134 Qut'
244 2073 339 2130 quum
362 2059 520 2130 expositus
537 2067 635 2125 esset,
659 2075 738 2132 equa
753 2060 840 2115 venit
852 2068 884 2113 et
899 2061 929 2114 ei
944 2059 997 2113 lae
1005 2069 1160 2132 proesta-

157 2141 226 2199 hot.
264 2141 342 2218 Qui
348 2140 437 2197 darn
449 2152 561 2216 pastor
575 2159 685 2218 equam
699 2153 886 2216 persecutus
901 2141 986 2198 vidit
1000 2142 1162 2220 insontem

157 2239 252 2303 atque
275 2243 345 2282 eum
364 2227 513 2297 sussum
543 2229 597 2303 qni
619 2239 705 2287 veste
725 2229 820 2304 regio
843 2228 991 2285 indutum
1012 2247 1107 2304 quum
1128 2229 1162 2284 t'n

158 2331 268 2370 oasam
283 2311 422 2386 tulisset,
443 2313 527 2375 alter
544 2325 723 2388 compastor
735 2315 877 2390 rogavit,
900 2324 937 2370 ut
949 2313 1012 2371 es'bs'
1027 2333 1097 2370 eum
1111 2305 1164 2370 s'n‘-

153 2399 285 2479 fontem
299 2396 444 2456 donaret·
470 2399 528 2459 Ille
545 2402 574 2458 ei
591 2400 723 2464 donauit
737 2402 804 2458 ss'ne
821 2411 917 2459 veste.
939 2391 1041 2478 Quum
1057 2411 1164 2458 autem

160 2488 244 2543 inter
260 2502 312 2540 eos
325 2485 470 2562 iurgium
484 2497 583 2556 esset,
607 2485 692 2562 quod
708 2488 763 2564 qui
773 2505 911 2562 puerum
928 2497 1097 2561 acceperat
1112 2488 1165 2543 in·

162 2570 273 2648 signia
293 2571 509 2647 ingenuitatis
535 2583 729 2646 reposceret,
770 2573 826 2630 ille
849 2583 956 2631 autem
977 2593 1037 2630 non
1062 2573 1166 2644 steret,

163 2655 382 2714 contendentes
396 2655 442 2712 ad
453 2675 560 2734 regem
570 2659 754 2734 Cercyonem
766 2670 919 2714 venerunt
933 2669 965 2714 et
982 2658 1167 2716 contendere

164 2751 340 2815 coeperunt.
375 2743 434 2801 Ille
448 2753 556 2802 autem
572 2745 627 2820 qui
645 2742 806 2820 infantem
823 2742 974 2800 donatum
988 2754 1167 2818 acceperat,

165 2837 304 2902 repetere
324 2829 406 2905 ι”ιιιί
394 2830 469 2884 enta
492 2833 601 2904 eoepit
650 2830 740 2906 Quae
762 2848 857 2903 quum
879 2829 984 2885 allato
1009 2840 1112 2885 essent
1137 2839 1168 2884 et

165 2924 355 2991 agnosceret
377 2917 514 2991 Gereyon
539 2934 578 2971 ea
597 2931 661 2972 esse
687 2934 725 2971 es·
748 2925 833 2972 seete
851 2915 955 2969 setosa
971 2915 1067 2987 filiae
1092 2931 1169 2968 suae

166 2992 304 3074 Alopes,
337 3001 448 3060 nutrix
479 3003 591 3058 timens
623 2993 698 3076 regi
724 2999 881 3077 indictum
898 2997 990 3076 feeit
1010 2999 1171 3076 insontem

167 3103 237 3143 eum
252 3084 370 3158 Alopes
384 3103 468 3155 esse;
487 3085 542 3164 qui
553 3085 769 3159 filiamt'usse't
784 3083 830 3140 ad
841 3103 946 3140 necem
959 3085 1098 3153 includi,
1119 3086 1171 3140 in·
1246 3129 1254 3136 .

163 3169 294 3250 fantem
317 3182 424 3228 autem
443 3173 574 3245 proiiei.
615 3172 712 3248 Quem
742 3171 860 3228 iterum
887 3189 968 3248 equo
995 3168 1170 3239 nutriebat,

165 3257 311 3334 pastores
333 3257 450 3313 iterum
476 3260 636 3315 inventum
659 3258 820 3337 infantem
849 3258 1063 3326 sustulerunt,
1100 3275 1172 3314 sen-

170 3345 282 3400 tientes
302 3361 373 3400 eum
393 3341 521 3400 deorum
542 3344 669 3400 numine
693 3343 827 3401 educari
833 3379 848 3412 ,·
865 3354 961 3422 etque
978 3346 1180 3424 nutrierunt!

171 3447 340 3504 nomenque
365 3429 395 3486 es’
416 3431 698 3506 imposueruntt
650 3427 871 3504 Hippothoum.
921 3427 1058 3490 Theseus
1079 3445 1173 3510 quum

172 3531 211 3572 eo
225 3516 288 3570 iter
296 3513 430 3592 feceret
446 3536 466 3572 α
487 3519 657 3588 Troezene,
679 3518 865 3596 Cercyonem
881 3514 1059 3594 interfecit.
1087 3514 1174 3586 Hip-

167 3595 305 3678 pothous
329 3613 435 3658 autem
459 3601 507 3658 ad
532 3599 684 3670 Theseum
707 3605 811 3672 venit,
838 3620 999 3682 regnaque
1015 3601 1108 3656 avita
1122 3617 1176 3652 ro-

173 3689 279 3766 gavit.
324 3687 383 3744 cet
414 3685 557 3746 Theseus
586 3685 686 3744 libens
716 3687 825 3758 dedit,
863 3706 960 3768 quum
982 3686 1081 3741 seiret
1106 3702 1177 3739 eum

175 3773 320 3848 Neptuni
331 3773 443 3846 filium
461 3791 545 3840 esse,
571 3771 686 3830 unde·
673 3793 740 3848 epse
761 3792 864 3850 genus
886 3770 1038 3840 ducebat,
1059 3769 1176 3844 Alopes

176 3869 284 3916 autem
306 3876 418 3933 eorpus
438 3862 472 3915 in
483 3857 610 3935 sontem
629 3859 783 3926 mutavit,
803 3859 859 3936 qui
870 3877 908 3916 ex
924 3857 1045 3914 nomine
1061 3857 1177 3932 Alopes

177 3955 226 4001 eet
241 3944 491 4048 cognominatus.
515 3939 659 4046 llsrpoor.
667 3935 791 4050 Ἀλόπη
816 3942 989 4026 Λυκοῦργος
1005 3939 1095 4003 ἐι
1052 3965 1094 4002 ιω
1112 3941 1180 4020 περὶ

177 4031 306 4136 ιερὶκιίας
330 4021 499 4109 Κερκυόνος
514 4020 674 4112 θυγάτηρ,
696 4018 765 4102 ἐξᾳ
749 4053 782 4110 ης
802 4052 854 4093 eos
845 4025 1073 4100 Hooesoovoe‘
1076 3999 1179 4087 lerno-

179 4109 306 4218 opos?
284 4114 378 4194 οιῆς
389 4110 651 4188 Ιπποθοωιιίδος
675 4112 757 4198 φυλῆ
759 4141 773 4189 ς
795 4107 970 4197 ἐπώνυμος,
990 4137 1028 4186 αις
1042 4106 1179 4175 ‘Ellen-

181 4197 232 4276 κός
255 4225 287 4266 ιι
309 4201 340 4266 ἐι
361 4198 486 4286 δευτέρα
500 4198 634 4277 Ἀτθίδος
655 4224 706 4265 και
697 4199 891 4336 Εὐριπίδηι
911 4205 942 4266 ἐι
963 4197 1007 4283 τῷ
1025 4190 1178 4277 ὁμωνύμῳ
