2778 4922
480 574 710 652 nu'riors.
782 667 785 673 Ι
1056 581 1093 639 ει

102 745 210 805 Hecub.
227 745 288 805 νόν
303 751 361 806 etc.
395 745 457 805 Sed
473 765 514 807 ne
529 747 589 806 hoc
604 747 727 827 quidem
744 748 778 805 in
793 747 925 808 Zethum
941 755 1097 826 convenit,

101 833 149 910 qui
166 837 296 891 matr'em
313 833 415 892 rulers
430 852 494 892 nou
508 835 622 912 potuit,
644 834 820 914 priusquam
836 846 1009 913 agnoverat.
1037 837 1095 898 Ce-

100 929 193 978 terum
214 919 375 996 parodism
398 919 509 978 horum
533 939 675 979 versuum
698 941 762 978 esse
785 922 820 980 iu
843 921 943 980 verbis
957 923 1096 982 Alexidis

100 1025 144 1082 sp.
159 1003 360 1149 Plptsrchdl.
376 1025 405 1084 p.
416 1023 466 1065 οι.
481 1007 519 1066 li.
543 1007 601 1064 sibi
617 1008 770 1085 persuasit
786 1009 941 1086 Wyttenb.
963 1010 1001 1068 sd
1020 1010 1096 1068 Plut.

99 1111 129 1168 p.
147 1106 181 1148 οι
209 1133 217 1148 .
809 1129 812 1136 Δ
1126 1109 1130 1116 ·

101 1301 122 1358 G
160 1214 298 1279 XXXIX.
321 1213 410 1297 (lX.)
431 1217 515 1277 Stob.
532 1217 575 1276 tit.
589 1218 638 1279 30.
660 1240 689 1298 p.
705 1235 779 1280 210.
802 1217 896 1278 Gesn.
921 1219 962 1280 ib.
979 1242 1010 1300 p.
1029 1219 1097 1282 135.

127 1312 184 1361 rot.
865 1325 869 1335 ’

114 1398 116 1402 Ι
141 1416 295 1484 Πολλοὶ
316 1418 356 1484 δὲ·
377 1421 537 1503 θνητῶν
565 1423 683 1485 τοῦτο
710 1417 932 1526 πάσχουσιν
956 1418 1096 1489 κακόν·

140 1500 266 1592 γνώμῃ
286 1508 528 1590 φρονοῦντες
549 1506 592 1571 οὗ
613 1507 1014 1592 θέλουούπηρετεῖν

140 1594 258 1674 ψυχῇ,
279 1589 468 1656 τὰπολλὰ
491 1588 588 1676 πρός
609 1591 736 1676 φίλων
759 1587 986 1674 νικώμενον.

101 1715 263 1771 Commune
282 1714 392 1770 multis
413 1711 471 1769 hoc
492 1715 610 1771 malum
629 1713 839 1782 mortalibus,
873 1715 911 1771 Ut
927 1722 1027 1768 mente
1044 1730 1100 1766 εα-

93 1801 206 1872 piant,
229 1797 440 1872 obsequantur
463 1819 518 1854 nea
541 1811 647 1856 tamen
668 1801 801 1866 Animo,
825 1801 940 1873 cupitis
965 1796 1100 1872 garcdiis

100 1885 233 1940 obrmxii.
271 1880 400 1942 Videtur
415 1879 508 1958 plion
521 1887 661 1942 retulisse
675 1885 714 1942 ud
729 1881 766 1943 τό
784 1879 875 1959 φίλα,
899 1893 933 1942 ut
947 1883 1023 1940 iecit
1038 1881 1099 1938 Lu·

98 1987 162 2029 aar.
178 1965 344 2024 Exercitat.
361 1967 448 2025 acad.
467 1987 495 2043 p.
512 1967 552 2024 32
570 1990 612 2046 sq.
636 1970 707 2044 qui,
731 1965 768 2028 sis
790 1965 863 2043 φίλα
883 1977 969 2038 sunt,
988 1966 1101 2042 inquit,

98 2055 277 2136 volnpqtates
299 2055 405 2107 animo
424 2063 562 2126 gratae,
604 2054 790 2120 illecebrae,
832 2071 912 2126 quae
936 2051 1101 2106 dulcedine

98 2157 159 2196 sua
181 2147 312 2192 mentem
334 2134 484 2208 trahunt,
512 2138 640 2213 gaudia
649 2140 843 2210 praesertim
863 2136 1014 2202 Veneris5
1041 2153 1102 2210 qua

46 2223 48 2231 ’
98 2223 132 2282 vi
155 2239 331 2298 unquamne
352 2220 510 2299 quisquam
534 2223 727 2300 usurpaverit
749 2216 786 2282 ’τὰ
806 2218 895 2299 φίλα,
916 2219 1039 2292 nescio,
1062 2227 1102 2292 et,

99 2309 125 2366 si
142 2307 194 2366 hic
212 2328 293 2379 usus,
314 2327 352 2364 ne
365 2307 592 2384 perspicuitatis
611 2309 734 2384 quidem
754 2327 843 2364 causa
861 2325 1041 2383 quemquam
1058 2304 1103 2361 its

97 2388 160 2455 sini
177 2389 270 2470 φίλων
285 2393 442 2451 dicturum
457 2392 552 2452 i'uisse
567 2394 689 2473 opinor.
729 2393 789 2452 Sed
796 2435 804 2464 ,
825 2412 902 2469 quae
923 2400 1006 2450 recte
1030 2409 1101 2450 sen·

100 2481 212 2552 serint,
233 2498 324 2558 saepe
350 2479 548 2550 nonfacere,
569 2479 739 2538 suricorum
761 2478 885 2560 monitis
908 2497 926 2535 a
946 2486 1030 2538 recta
1051 2496 1102 2533 rs·

99 2569 187 2622 tione
211 2565 375 2638 abductos,
407 2565 558 2642 imprimis
580 2565 721 2626 homines
745 2564 778 2622 in
803 2583 924 2623 summo
946 2557 1104 2644 dignitatis
1211 2565 1215 2572 '

99 2651 223 2729 fastigio
240 2652 422 2727 collocatus,
441 2649 533 2710 hodie
549 2671 668 2730 quoque
685 2661 864 2729 queruntur.

101 2866 127 2924 G
165 2777 231 2842 XL.
261 2777 339 2860 (X.)
369 2777 454 2836 Stob.
478 2779 525 2838 tit.
548 2777 600 2838 56.
625 2799 655 2857 p.
678 2795 750 2856 217.
777 2777 868 2835 Gesn.
890 2773 964 2838 ibid.
981 2795 1012 2852 p.
1032 2771 1103 2833 143.

128 2873 189 2926 rot.

144 2979 305 3062 Κόσμοε
328 2979 370 3044 δὲ
390 2978 502 3062 σιγῆς
521 2982 714 3056 στέφανος
735 2972 879 3059 ἀνδρὸς
901 2969 945 3037 οὐ
968 2974 1103 3038 κακοῦν

144 3067 186 3132 τό
211 3068 242 3131 δ’
261 3063 452 3130 intui-osis
472 3061 560 3128 οὔθ’
582 3062 723 3143 ἡδονῆς
743 3060 812 3140 μὲν
831 3051 1030 3136 ἅπτεται,-

144 3152 270 3218 κακὸν
292 3150 323 3216 δ’
342 3147 513 3234 ὅμόλημ’,
541 3146 717 3221 ἀσθενὲς
738 3145 779 3212 δὲ
801 3147 866 3212 uui
886 3139 1011 3212 πόλει.

101 3277 271 3335 Silentium
292 3293 406 3330 corona
426 3271 553 3330 cordati
574 3274 639 3330 ciri
658 3281 723 3326 cst:
751 3271 848 3328 Caret
862 3268 968 3341 cupito
982 3265 1108 3344 gaudia

102 3358 300 3438 loquacitas,
324 3361 476 3434 Suspecta
493 3360 625 3422 amicis,
648 3354 835 3412 civitatibus
858 3355 981 3428 gravis.
1023 3348 1060 3408 V.
1080 3366 1108 3406 a.

101 3445 213 3506 Elmsl.
230 3446 269 3504 ad
285 3443 357 3505 Eur.
376 3444 495 3502 Hersol.
513 3445 543 3503 lt.
568 3439 648 3499 Add.
665 3440 739 3498 citat
754 3435 788 3502 τὸ
810 3433 843 3499 δ’
860 3432 1002 3499 isi-aloia
1015 3431 1107 3496 τοῦθ’

102 3530 157 3615 sisi.
180 3543 278 3592 recte:
317 3549 390 3586 nsm
409 3523 478 3592 οὔτε
497 3551 537 3572 ⁴·-
560 3527 615 3606 μέν
637 3526 693 3582 vix
713 3543 840 3602 usquam
861 3523 913 3581 vel
930 3521 1041 3600 legitur
1056 3519 1109 3576 vsl

104 3621 171 3678 dici
191 3625 301 3695 potest.
333 3615 378 3672 lta
401 3612 437 3676 τὸ
459 3609 605 3674 irini-oris
622 3611 679 3670 erit
701 3631 758 3688 pro
780 3603 799 3687 ἡ
821 3602 998 3686 iniitque,
1018 3611 1053 3660 ut
1072 3599 1108 3664 τό

103 3705 216 3766 νοσοῦν
236 3701 318 3780 apud
341 3699 437 3776 Soph.
461 3698 541 3756 Phil.
564 3695 637 3768 675.
666 3715 722 3773 pro
744 3688 763 3772 ἦ
782 3685 887 3762 νόσος,
926 3688 961 3751 τὸ
984 3687 1111 3750 ποθοῦν

104 3789 224 3850 'fr-ach.
251 3786 321 3864 196.
347 3805 402 3864 pro
424 3775 478 3846 τόν
497 3774 620 3848 πόθον,
642 3779 676 3842 τό
696 3777 774 3856 δρῶν
790 3774 869 3834 Oed.
886 3773 919 3834 C.
941 3771 1031 3834 1604.
1051 3793 1110 3852 pro

104 3869 257 3954 ἦόρᾶσες.
287 3872 334 3930 De
350 3869 504 3930 sententis
517 3867 580 3924 vid.
595 3863 751 3940 Wytteub.
769 3862 807 3920 sd
823 3859 975 3919 Plutarch.
993 3879 1023 3938 p.
1040 3858 1112 3919 328.

105 3961 245 4018 Possunt
263 3978 328 4016 asse
349 3958 445 4018 verbs
465 3952 597 4032 pastoris
616 3949 792 4008 excusantis
814 3966 846 4005 se
861 3945 943 4026 quod
960 3941 1113 4024 originem

105 4047 243 4107 fratrum
258 4064 321 4102 aaa
338 4046 423 4123 prius
439 4041 613 4099 iudicasset.

182 4161 259 4234 xri.
284 4131 403 4240 (xxi.)
426 4157 509 4219 sus.
531 4155 576 4215 tn.
599 4149 698 4235 9sp.
715 4147 785 4210 σοι.
808 4119 904 4208 'cess
919 4119 1026 4227 9s.'1‚.
1045 4145 1115 4226 ειη.

108 4253 203 4312 Grot.
223 4241 256 4306 et'
265 4245 367 4306 'Gaist

164 4341 247 4396 uam.
270 4334 330 4392 IX.
574 4409 579 4430 Ι
823 4389 824 4395 p
894 4317 916 4376 P
