2778 4922
154 1129 173 1165 ,ᾖ
247 1027 325 1114 Du
360 1029 715 1115 rnncnnnns
750 1031 1031 1115 numerose.

539 1244 745 1257 m

134 1358 314 1478 Euripidis
343 1401 531 1480 tragoedias,
568 1411 694 1482 praeter
723 1397 937 1480 duodeviginti
963 1418 1031 1470 eae,
1066 1419 1144 1477 quae

134 1497 317 1567 supersunt,
358 1485 515 1548 Fabricius
538 1490 572 1550 in
595 1487 736 1549 biblioth.
757 1507 866 1568 graeca
889 1493 1050 1546 enumerat
1070 1505 1144 1544 cen-

135 1582 201 1633 tum
221 1583 345 1640 eteros.
391 1575 453 1634 Sed
474 1575 508 1632 in
529 1574 569 1635 iis
590 1575 761 1634 nonnullae
781 1583 883 1647 sunt,¹
909 1589 1038 1654 quarum
1059 1571 1143 1630 tituli

134 1668 256 1720 tantum
279 1660 341 1720 duo
364 1659 480 1720 diversi
500 1661 596 1724 fuisse
619 1661 777 1731 videntur,
801 1670 835 1718 ut
855 1649 1025 1742 Boin‘2c1et
1045 1660 1143 1723 Iler·

134 1737 245 1818 θεύς,
261 1739 442 1818 Ἱππόλυτος
463 1756 494 1806 et
517 1743 683 1826 Φαίδρα.
715 1743 831 1804 Eodem
848 1745 941 1804 'modo
958 1752 1041 1801 recte
1059 1739 1144 1800 Mus·

132 1830 257 1908 gravius
284 1831 436 1894 Glaucum
457 1853 523 1891 non
547 1832 702 1892 diversam
723 1853 788 1890 esse
810 1851 829 1890 a
852 1827 982 1906 Polyido
1004 1829 1144 1908 suspica-

133 1925 182 1976 tus
202 1923 257 1974 est.
297 1916 345 1976 Cf.
372 1915 510 1976 Elmslei.
536 1918 576 1978 ad
609 1917 690 1978 Med.
718 1937 832 1996 argum.
854 1923 919 1975 not.
941 1910 971 1972 le.
998 1911 1143 1972 Welcker

133 1993 172 2060 d'e
193 1996 340 2079 Aeschyli
358 2003 458 2080 trilog.
477 2023 508 2079 p.
523 2001 596 2060 540.
614 2013 679 2061 not.
699 2001 786 2062 Atrei
807 2001 938 2062 nomine
958 1997 1142 2076 inscriptam
1165 2015 1180 2030 “

131 2081 291 2162 Euripidis
320 2086 509 2162 tragoediam
536 2085 656 2146 nullam
681 2083 795 2156 fuisse,
830 2083 885 2142 sed
907 2083 968 2140 hoc
992 2101 1142 2160 personae

130 2187 249 2244 nomen
278 2187 343 2226 erse
370 2169 406 2226 in
435 2165 551 2225 Cressis
577 2168 629 2228 vel
655 2167 691 2226 iu
718 2167 856 2246 Thyeste
883 2161 1054 2246 productae
1079 2167 1142 2228 iem

131 2249 262 2321 Bentlei.
285 2272 333 2332 ep.
353 2253 392 2314 ad
414 2253 494 2312 Mill.
515 2273 546 2332 p.
567 2253 627 2332 l171
649 2273 695 2332 aq.
720 2263 751 2313 et
766 2249 932 2312 Barnesius
952 2260 1142 2313 monuerunt

130 2337 248 2419 p.458.
267 2348 389 2418 etpost
409 2358 461 2398 eos
482 2335 592 2404 Heath.
612 2339 683 2398 lect.
704 2339 743 2401 ad
765 2337 873 2420 Eurip.
894 2359 925 2418 p.
940 2336 1013 2398 166.
1033 2337 1140 2411 Volok.

91 2493 93 2498 .
126 2425 223 2486 distr.
255 2444 286 2504 p.
313 2423 363 2486 12.
396 2421 533 2486 Brunck.
561 2423 603 2484 ed
631 2421 729 2508 Soph.
758 2425 797 2491 fr.
826 2446 857 2506 p.
883 2425 955 2504 669.
987 2423 1039 2503 ed.
1065 2427 1140 2507 inin.
1205 2487 1210 2506 ¹

130 2511 259 2572 Porsen.
274 2509 313 2570 ad
328 2506 434 2590 Eurip.
450 2509 551 2574 Orest.
568 2529 660 2572 1001.
684 2511 729 2572 lta
744 2503 896 2594 Πασιφάη
915 2510 1050 2590 persona
1074 2521 1141 2572 eret

129 2597 166 2656 in
191 2593 367 2656 Creeserum
389 2597 510 2674 fabule,
547 2595 691 2682 Κλυμένη
711 2596 746 2656 in
763 2596 973 2676 Phaethonte3
997 2592 1140 2678 ¹Polyni-

131 2703 189 2742 cen
210 2683 348 2743 l'abulam
371 2682 449 2752 falso
470 2683 579 2742 eloco
603 2683 732 2744 Luciani
754 2681 792 2742 T.
808 2677 858 2742 lll.
879 2704 913 2764 p.
929 2683 1002 2744 288.
1031 2678 1052 2746 o‘
1073 2678 1140 2748 Εὗ-

129 2763 250 2850 petridae
272 2765 456 2851 Πολυνείκης
479 2769 735 2846 exsculpserunt,
767 2790 862 2850 quum
882 2769 970 2830 locus
992 2768 1037 2828 ibi
1061 2768 1139 2829 cita-

129 2865 178 2914 tus
201 2854 243 2914 sit
260 2853 293 2914 iu
318 2853 508 2930 Phoenissis,
542 2855 597 2936 sed
623 2877 641 2914 a
665 2855 813 2934 l'olyuice
836 2855 1074 2936 pronuntiatus,
1104 2865 1140 2914 ut

127 2938 319 3018 locustapud
343 2938 428 3020 stou
448 2941 495 3006 tit.
517 2939 568 3014 37.
590 2961 619 3018 p.
635 2939 708 3000 226.
732 2932 889 3018 61111169.
909 2961 939 3020 p.
961 2939 1030 3012 157,
1052 2937 1137 2999 Grot.

129 3026 212 3085 inter
234 3023 375 3084 Iocasten
396 3037 427 3086 et
444 3022 619 3106 ¹Polynicen
646 3025 765 3086 divisus
792 3035 848 3086 est.
894 3018 1079 3108 Πολύδωρος
1107 3035 1139 3084 et

69 3151 75 3168 .
129 3107 293 3193 Πολυξένη
308 3109 467 3172 Hecubam
487 3108 673 3190 significant.
695 3105 839 3194 Κερκύων
862 3111 970 3174 eadem
992 3121 1039 3172 est
1061 3131 1139 3194 quae

129 3195 238 3277 Alope.
258 3197 324 3258 vid.
346 3195 454 3258 Valck.
476 3197 568 3260 diatr.
591 3219 621 3278 p.
645 3217 695 3258 12.
733 3197 794 3271 Qui
818 3201 907 3260 locus
928 3209 1075 3280 tanquam
1098 3217 1139 3258 ex
1165 3245 1170 3261 .

128 3280 289 3362 Euripidis
317 3281 463 3364 Capaneo
493 3278 604 3344 citatus
632 3285 816 3364 putabatur,
855 3295 903 3344 est
931 3305 972 3344 ex
997 3283 1147 3359 eiusdem,

128 3366 238 3450 Suppl.
260 3369 334 3431 862.
374 3369 442 3434 vid.
462 3369 609 3442 Valcken.
629 3371 718 3434 diatr.
738 3393 769 3452 p.
793 3389 840 3447 17.
867 3367 994 3432 Boeckh
1014 3369 1054 3430 de
1074 3379 1138 3430 tra-

127 3456 202 3534 gicis
224 3474 269 3534 gr.
292 3477 325 3536 p.
346 3473 417 3536 227.
465 3455 519 3516 Sic
542 3457 634 3516 etiam
657 3477 735 3536 quae
756 3457 861 3518 sabula
882 3457 1062 3518 Alexander
1081 3476 1138 3537 ap-

127 3541 314 3621 pellabatur,
334 3542 373 3601 ab
393 3541 464 3601 aliis
487 3543 657 3604 vocabatur
679 3543 865 3604 Alexandra.
900 3537 1022 3626 Ἑλένης
1043 3538 1138 3608 ἀπαί-

127 3648 215 3710 τησιν
242 3624 405 3707 confictam
440 3633 505 3687 esse
540 3649 556 3688 a
585 3623 735 3690 Barnesio
767 3629 905 3690 ostendit
933 3628 1070 3688 Pierson.
1098 3625 1161 3686 ad‘
1277 3643 1281 3654 ¹

127 3709 259 3773 Moerid.
287 3735 319 3793 p.
351 3729 409 3786 172
436 3733 479 3792 sq.
508 3711 610 3775 Heath
637 3713 673 3777 iu
698 3713 805 3796 Eurip.
833 3736 864 3794 p.
897 3711 967 3774 168.
1012 3713 1138 3774 Oileum

128 3797 318 3876 tragoediam
350 3795 510 3878 Euripidis
541 3799 794 3876 nullemiuisse
827 3801 933 3861 docuit
960 3797 1068 3860 Harles
1097 3799 1137 3860 ad

129 3881 248 3944 Fabric.
283 3885 319 3943 T.
339 3883 391 3944 ll.·
410 3905 439 3964 p.
461 3881 534 3966 262.
562 3905 595 3944 n.
625 3883 675 3949 63.
710 3885 773 3944 elio
802 3887 874 3946 loco
906 3885 938 3950 ἕο
967 3883 1061 3950 Σολεῖ
1086 3887 1139 3946 'le-

127 3969 272 4048 gendum.
316 3970 378 4032 Alii
408 3969 585 4031 fabularum
611 3969 697 4031 tituli
724 3971 811 4052 saleis
830 3971 1018 4034 lectionibus
1042 3971 1139 4052 origi·

128 4073 198 4115 nem
224 4055 356 4140 debent,
394 4066 430 4116 ut
450 4053 549 4139 Aiyjac
571 4077 631 4138 pro
654 4051 899 4150 Aegeop‘quod
920 4061 982 4120 iem
1005 4079 1138 4140 monue-

128 4149 201 4200 runt
227 4140 382 4202 Meuraius
413 4152 444 4213 et
472 4143 599 4228 Bapnes.
632 4141 665 4205 P.
688 4141 724 4206 ll.
756 4168 788 4227 p.
812 4147 885 4214 517.
923 4145 958 4209 ἓν
988 4137 1138 4224 Διδύμοις

129 4225 216 4370 amp}
237 4227 335 4374 Stobi(
349 4249 407 4310 pro
435 4227 473 4307 ir¹
492 4220 753 4322 Apxcpciqeilvid·
776 4222 1002 4316 Valckffdiatr.
1030 4251 1061 4309 p.
1090 4247 1137 4308 17.

217 4317 299 4375 m.I
332 4357 339 4373 .
902 4317 926 4375 1
