2778 4922
276 429 315 503 ,ι
659 426 893 489 tutiori.
959 445 962 448 ·
1050 425 1065 434 ’·
1130 437 1133 444 ·

272 601 339 679 dit,
372 597 556 676 quominus,
594 597 620 658 si
644 619 707 658 non
727 597 888 680 Euripidei
908 619 991 675 este,
1027 599 1065 660 od
1091 597 1269 684 Euripidem

270 700 375 748 tomen
402 685 545 764 proxime
575 685 722 744 accedere
748 687 924 750 videantur.
963 685 1030 767 Ipse
1066 686 1144 748 haec
1178 693 1269 753 Zetho

270 773 387 834 tribua
405 791 436 832 v.
457 770 498 828 42
521 789 585 849 sqq.
608 773 729 850 posuit,
751 793 845 852 quum
869 773 1029 854 superiora
1049 772 1104 833 illa
1123 797 1153 836 v.
1182 781 1268 842 1—3.

247 907 251 920 .
269 849 408 921 fuissent.
453 855 529 915 Mihi
549 855 707 936 Euripidis
730 860 809 918 mori
832 859 929 938 magis
950 860 1121 921 convenire
1142 863 1269 939 videtur,

268 947 345 1006 haec
366 942 404 1001 ab
419 941 596 1021 Amphione
614 953 645 1002 et
663 944 761 1003 Zetho
782 945 928 1003 continua
949 945 1091 1006 oratioue
1112 951 1269 1028 explicari.

268 1065 311 1078 -
339 1027 401 1088 Sed
430 1039 595 1105 antequam
625 1049 661 1087 es
689 1049 767 1108 quse
796 1031 877 1108 apud
905 1031 1064 1100 Platonem
1095 1045 1269 1113 sequuntur,

266 1135 450 1198 persequar,
483 1114 708 1194 comparandus
733 1116 859 1176 videtur
882 1118 1062 1177 simillimus
1091 1119 1179 1181 locus
1208 1115 1269 1182 Eu·

265 1203 377 1283 ripidis

237 1331 244 1340 ‘
329 1325 441 1472 ΧΧΗίίὶ.
464 1322 614 1409 (ΧΧΙΧ.)
637 1349 686 1412 sp.
708 1329 794 1395 stob.
814 1331 864 1394 tit.¹
886 1329 937 1392 30.
960 1350 993 1409 p.
1014 1347 1090 1410 209.
1114 1331 1207 1394 Geso.
1228 1335 1266 1396 ib.

264 1439 295 1498 p.
318 1415 388 1476 133.
442 1425 501 1477 rot.
1131 1418 1143 1428 ”

342 1521 449 1606 Ἀνὴρ
471 1521 542 1607 γὰρ
564 1516 694 1598 ὅστις,
713 1511 755 1588 εὖ
771 1528 867 1629 pios
891 1525 1145 1608 κεκτημένος,

350 1609 395 1674 τὰ
412 1608 482 1687 μὲν
503 1605 589 1674 κατ’
605 1609 739 1682 οἴκους
762 1610 904 1695 αμελίᾳ
924 1610 1063 1692 παρείς
1085 1611 1149 1694 ἐᾷ,

346 1696 543 1777 μολπαῖσι
563 1690 595 1758 δ’
610 1691 756 1777 ἡσθεὶς
777 1697 884 1760 τοῦτ’
906 1692 967 1760 δεῖ
987 1692 1225 1779 θηρεύεται,

348 1777 468 1863 ἀργὸς
487 1779 553 1864 μὲν
577 1780 702 1854 οἴκοις
723 1784 790 1846 καὶ
811 1777 928 1846 πόλει
947 1775 1174 1865 γενήσεται,

344 1867 498 1946 φίλοισι
516 1861 550 1929 δ’
568 1863 716 1940 οὐδείς·
752 1861 907 1945 ἡφύσις
929 1865 1000 1952 γὰρ
1020 1868 1191 1950 οἴχεται,

282 2007 284 2012 .
344 1947 440 2019 ὅταν
461 1951 646 2038 γλυκείας
665 1947 812 2036 ἡδονῆς
834 1947 962 2036 ἥσσων
983 1977 1041 2028 τις
1063 1943 1091 2035 ᾖ.

261 2069 444 2148 Quicunque
467 2082 588 2142 magna
606 2068 698 2140 copia
715 2065 840 2140 florens
858 2083 950 2140 opum
965 2067 1089 2124 Domus
1104 2066 1264 2144 regendas

187 2187 196 2202 ι
258 2145 376 2212 deserit
397 2152 574 2210 custodiam
596 2151 729 2227 Solaque
748 2161 848 2208 σαιιια
861 2152 988 2228 gaudet
1003 2163 1034 2210 et
1042 2153 1162 2226 fidium
1178 2173 1263 2230 sono,
1299 2183 1302 2190 ·

259 2241 335 2298 Non
349 2240 495 2307 civitati,
518 2255 580 2293 tum
600 2235 691 2293 domo
710 2236 844 2310 prodest
865 2253 961 2306 tuus,
984 2253 1046 2295 non
1058 2241 1114 2296 ilie
1127 2241 1263 2310 amicis5

227 2383 231 2388 ,
258 2327 330 2399 ipsa
352 2335 472 2380 notura
494 2319 633 2390 excidit,
673 2321 732 2378 Ubi
754 2324 825 2396 quie
848 2321 999 2380 subactus
1022 2325 1081 2380 dat
1103 2325 1263 2398 voluptati

257 2428 379 2468 manus.
418 2405 467 2466 Ex
487 2406 621 2486 Antiopa
641 2405 746 2465 locum
767 2415 924 2485 sumptum
948 2427 1029 2482 esse,
1062 2419 1191 2487 propter
1210 2428 1263 2467 ors

233 2493 397 2577 ,gumenti
419 2491 656 2552 similitudinem
678 2491 829 2570 sagaciter
844 2495 1011 2573 suspicatus
1042 2505 1088 2552 est
1116 2493 1261 2556 Gstaker.

256 2581 335 2642 Adv.
360 2579 445 2642 misc.
473 2599 504 2658 p.
526 2580 598 2636 510.
626 2577 658 2636 C.
685 2577 830 2658 idemque
852 2581 1031 2640 obversatus
1053 2597 1117 2638 esse
1139 2581 1263 2640 videtur

256 2666 335 2726 Plat.
357 2664 450 2746 Gorg.
477 2685 508 2744 p.
530 2665 603 2725 tot.
630 2663 667 2722 Ι).
708 2663 760 2727 καὶ
778 2660 838 2744 γὰρ
860 2665 920 2728 ταῖν
945 2659 1047 2744 νόμων
1068 2661 1191 2747 ἄπειροι
1214 2668 1261 2748 μί·-

255 2773 378 2837 γνονται
396 2753 455 2814 τῶν
472 2743 550 2812 κατὰ
570 2743 624 2828 τὴν
644 2741 737 2812 πόλιν
757 2747 860 2833 (ἇσγδς
880 2744 981 2831 πόλει)
1004 2749 1053 2813 καὶ
1075 2753 1133 2814 τῶν
1150 2745 1259 2832 λόγων,

254 2838 299 2912 οἷς
321 2835 368 2901 δεῖ
386 2831 536 2920 χρώμενον
560 2829 675 2914 ὁμιλεῖν
694 2836 727 2898 ἒν
748 2845 811 2908 τοῖς
832 2835 1029 2918 συμβολαίοις
1049 2846 1111 2909 τοῖς
1130 2831 1260 2922 diripui-v

194 2929 200 2938 '
226 2947 320 2996 -τιοις
340 2926 391 2986 καὶ
413 2920 477 3007 ἰδίᾳ
498 2921 548 2986 καὶ
566 2918 698 3008 δημοσίᾳ
718 2917 825 3002 (ἀργὸς
844 2921 958 2998 οἴκοις).
981 2921 1136 2981 Similiter
1150 2921 1260 3004 Eurip.

250 3011 373 3074 Heraol.
392 3010 423 3070 lt.
445 3005 537 3072 πόλει
557 3009 589 3069 τ’
604 3004 750 3090 ἄχρηστος
769 3006 819 3071 καί
837 3001 1053 3080 ξυναλλάσσειν
1073 3003 1169 3092 βαρύς
1190 3010 1211 3066 i.
1232 3029 1260 3068 e.

251 3097 285 3160 ἓν
311 3106 374 3168 τοῖς
404 3091 490 3166 ἰδίοις
515 3091 717 3181 ξυμβολυίοις.
756 3091 792 3154 V.
818 3109 848 3154 υ.
886 3090 994 3180 ἀμελίᾳ
1024 3103 1070 3152 est
1097 3115 1116 3152 u
1145 3095 1259 3154 Grotio

249 3201 308 3262 pro
331 3177 471 3260 ἀμελείᾳ,
493 3181 599 3258 παρεὶς
620 3179 658 3264 ἐᾷ
678 3199 696 3236 a
715 3177 861 3238 Valcken.
880 3201 911 3260 p.
934 3198 983 3257 7¹·
1009 3199 1066 3259 pro
1088 3175 1259 3260 παρειοῖσει.

250 3268 390 3340 Quatuor
413 3266 514 3323 ultimi
537 3283 643 3323 versus
667 3275 739 3324 sunt
765 3266 858 3324 etiam
881 3266 962 3346 opud
985 3265 1114 3327 Sextum
1136 3265 1258 3345 Empir.

249 3354 318 3412 adv.
343 3351 489 3411 Mathoni.
513 3346 564 3408 Vl.
586 3357 611 3428 §.
628 3351 678 3409 55.
701 3371 729 3429 p.
748 3349 821 3412 363.
842 3351 896 3409 sed
913 3353 956 3410 its
978 3362 1013 3410 ut
1033 3369 1140 3410 versus
1162 3353 1258 3429 quin·

247 3449 296 3498 tus
318 3440 361 3498 sio
384 3438 515 3515 scriptus
537 3437 593 3493 sit:
626 3433 741 3516 φίλοισί
763 3433 793 3497 τ’
808 3431 931 3510 οὐδεὶς,
962 3434 1033 3516 ἀλλ’
1054 3433 1189 3516 ἄφαντος
1211 3437 1258 3500 οἴ-

245 3547 342 3610 χεται,
371 3521 566 3584 hetnistichio
593 3522 654 3583 huo
683 3523 813 3580 fortasse
841 3524 940 3582 relato
963 3543 1004 3582 ex
1025 3521 1126 3583 Orest.
1160 3522 1256 3586 1552.

245 3613 294 3672 Ex
320 3611 370 3672 his
398 3608 503 3682 οὐθείς
532 3628 587 3667 cur
612 3609 796 3690 praetulerit
818 3607 967 3690 Valcken.
996 3629 1061 3667 non
1088 3626 1256 3687 assequor3

245 3719 330 3756 nuuc
351 3699 421 3756 satis
444 3704 579 3767 constat,
622 3693 728 3766 οὐθείς
749 3695 899 3754 seriorum
924 3715 997 3754 esse.
1041 3695 1124 3766 Quid
1152 3696 1257 3754 inter-

245 3793 325 3843 esset
343 3785 428 3841 inter
447 3778 544 3854 οὐδείς
566 3781 631 3842 ἔστι
653 3789 683 3839 et
705 3776 794 3842 οὐδέν
816 3779 898 3856 ἔστι,
934 3779 1041 3839 docuit
1071 3780 1179 3841 Elmsl.
1212 3781 1255 3838 ad

244 3869 349 3946 Eurip.
380 3867 501 3926 Heraol.
536 3858 605 3925 168.
653 3864 699 3924 Cs.
729 3867 866 3925 Gramm.
899 3885 943 3944 gr.
973 3863 1004 3945 5.
1027 3869 1100 3930 457.
1129 3875 1196 3924 not.
1228 3884 1253 3924 ι.

243 3977 274 4033 p.
299 3957 370 4018 817.
416 3952 449 4010 V.
473 3953 502 4014 lt.
538 3973 596 4030 pro
627 3950 718 4023 οἴκοις
747 3951 882 4012 Elmslei.
907 3953 945 4010 ad
970 3947 1092 4010 Heracl.
1115 3951 1143 4009 ίι.
1172 3973 1253 4009 οοιο-Δ

242 4039 307 4099 iicit
333 4035 453 4110 ἀστοῖς,
493 4037 576 4114 quod
603 4046 718 4114 pugnat
749 4057 819 4096 oum
850 4059 905 4113 eu,
941 4036 1023 4114 quod
1054 4039 1146 4115 paulo
1176 4048 1253 4096 ante

242 4127 420 4198 monuerat,
441 4122 542 4185 solere
565 4122 746 4201 plerumque
766 4122 898 4202 tragicos
919 4124 950 4182 in
975 4123 1152 4186 huiusmodi
1175 4144 1251 4183 sen·
