<?xml version="1.0" encoding="UTF-8"?>
<!DOCTYPE html PUBLIC "-//W3C//DTD XHTML 1.0 Transitional//EN"
    "http://www.w3.org/TR/xhtml1/DTD/xhtml1-transitional.dtd">
<html xmlns="http://www.w3.org/1999/xhtml" xml:lang="en" lang="en">
 <head>
  <title>
</title>
<meta http-equiv="Content-Type" content="text/html;charset=utf-8" />
  <meta name='ocr-system' content='tesseract 3.04.00' />
  <meta name='ocr-capabilities' content='ocr_page ocr_carea ocr_par ocr_line ocrx_word'/>
</head>
<body>
  <div class='ocr_page' id='page_1' title='image "./euripidistragoe10eurigoog_0075.png"; bbox 0 0 2778 4922; ppageno 0'>
   <div class='ocr_carea' id='block_1_1' title="bbox 259 472 891 542">
    <p class='ocr_par' dir='ltr' id='par_1_1' title="bbox 259 472 891 542">
     <span class='ocr_line' id='line_1_1' title="bbox 259 472 891 542; baseline -0.003 0"><span class='ocrx_word' id='word_1_1' title='bbox 259 482 301 542; x_wconf 78' lang='lat' dir='ltr'>tt</span> <span class='ocrx_word' id='word_1_2' title='bbox 625 472 891 540; x_wconf 73' lang='lat' dir='ltr'><strong>ANTIGONA.</strong></span> 
     </span>
    </p>
   </div>
   <div class='ocr_carea' id='block_1_2' title="bbox 259 641 1260 800">
    <p class='ocr_par' dir='ltr' id='par_1_2' title="bbox 259 641 1260 800">
     <span class='ocr_line' id='line_1_2' title="bbox 323 641 1260 738; baseline -0.001 -26"><span class='ocrx_word' id='word_1_3' title='bbox 323 649 417 713; x_wconf 83' lang='lat' dir='ltr'><strong>XVII.</strong></span> <span class='ocrx_word' id='word_1_4' title='bbox 440 641 545 730; x_wconf 83' lang='lat' dir='ltr'><strong>(XVI.)</strong></span> <span class='ocrx_word' id='word_1_5' title='bbox 567 644 653 708; x_wconf 89' lang='lat' dir='ltr'>Stob.</span> <span class='ocrx_word' id='word_1_6' title='bbox 668 647 715 708; x_wconf 84' lang='lat' dir='ltr'>tit.</span> <span class='ocrx_word' id='word_1_7' title='bbox 736 643 1125 738; x_wconf 73' lang='lat' dir='ltr'>124.p.619.neen.126.</span> <span class='ocrx_word' id='word_1_8' title='bbox 1145 646 1260 728; x_wconf 69' lang='lat' dir='ltr'>pind.</span> 
     </span>
     <span class='ocr_line' id='line_1_3' title="bbox 259 731 558 800; baseline -0.017 -1"><span class='ocrx_word' id='word_1_9' title='bbox 259 737 436 800; x_wconf 81' lang='lat' dir='ltr'>Grot.125.</span> <span class='ocrx_word' id='word_1_10' title='bbox 463 731 558 796; x_wconf 81' lang='lat' dir='ltr'>Gaisf.</span> 
     </span>
    </p>
   </div>
   <div class='ocr_carea' id='block_1_3' title="bbox 291 843 1177 935">
    <p class='ocr_par' dir='ltr' id='par_1_3' title="bbox 291 843 1177 935">
     <span class='ocr_line' id='line_1_4' title="bbox 291 843 1177 935; baseline -0.008 -14"><span class='ocrx_word' id='word_1_11' title='bbox 291 848 486 924; x_wconf 74' lang='grc' dir='ltr'><strong><em>’θάνατος</em></strong></span> <span class='ocrx_word' id='word_1_12' title='bbox 507 845 579 935; x_wconf 77' lang='grc' dir='ltr'>γάρ</span> <span class='ocrx_word' id='word_1_13' title='bbox 598 843 857 929; x_wconf 72' lang='grc' dir='ltr'><strong><em>ἀνθρώποισι</em></strong></span> <span class='ocrx_word' id='word_1_14' title='bbox 879 849 1043 912; x_wconf 74' lang='grc' dir='ltr'><strong><em>νεικέων</em></strong></span> <span class='ocrx_word' id='word_1_15' title='bbox 1063 847 1177 925; x_wconf 78' lang='grc' dir='ltr'><strong><em>τέλος</em></strong></span> 
     </span>
    </p>
   </div>
   <div class='ocr_carea' id='block_1_4' title="bbox 301 932 1217 1276">
    <p class='ocr_par' dir='ltr' id='par_1_4' title="bbox 301 932 1217 1276">
     <span class='ocr_line' id='line_1_5' title="bbox 302 932 1217 1024; baseline -0.009 -18"><span class='ocrx_word' id='word_1_16' title='bbox 302 942 402 1024; x_wconf 77' lang='grc' dir='ltr'><strong><em>ἔχει·</em></strong></span> <span class='ocrx_word' id='word_1_17' title='bbox 438 941 475 1001; x_wconf 79' lang='grc' dir='ltr'><strong><em>τό</em></strong></span> <span class='ocrx_word' id='word_1_18' title='bbox 496 933 566 1018; x_wconf 70' lang='grc' dir='ltr'>γάρ</span> <span class='ocrx_word' id='word_1_19' title='bbox 590 932 796 998; x_wconf 74' lang='grc' dir='ltr'><strong><em>τοῦδ’ἒοτό</em></strong></span> <span class='ocrx_word' id='word_1_20' title='bbox 817 932 956 1015; x_wconf 81' lang='grc' dir='ltr'><strong><em>μεῖζον</em></strong></span> <span class='ocrx_word' id='word_1_21' title='bbox 975 933 1014 996; x_wconf 79' lang='grc' dir='ltr'>ἐν</span> <span class='ocrx_word' id='word_1_22' title='bbox 1035 938 1217 1019; x_wconf 58' lang='lat' dir='ltr'>Spatale,-</span> 
     </span>
     <span class='ocr_line' id='line_1_6' title="bbox 301 1013 1194 1106; baseline -0.006 -15"><span class='ocrx_word' id='word_1_23' title='bbox 301 1031 362 1099; x_wconf 82' lang='grc' dir='ltr'>τός</span> <span class='ocrx_word' id='word_1_24' title='bbox 382 1022 454 1106; x_wconf 71' lang='grc' dir='ltr'>γάρ</span> <span class='ocrx_word' id='word_1_25' title='bbox 476 1029 670 1103; x_wconf 78' lang='grc' dir='ltr'><strong><em>πετραῖον</em></strong></span> <span class='ocrx_word' id='word_1_26' title='bbox 692 1015 887 1084; x_wconf 78' lang='grc' dir='ltr'><strong><em>σκόπελον</em></strong></span> <span class='ocrx_word' id='word_1_27' title='bbox 908 1013 1082 1094; x_wconf 76' lang='grc' dir='ltr'><strong><em>οὐτάζων</em></strong></span> <span class='ocrx_word' id='word_1_28' title='bbox 1104 1017 1194 1105; x_wconf 74' lang='grc' dir='ltr'><strong><em>δορὶ</em></strong></span> 
     </span>
     <span class='ocr_line' id='line_1_7' title="bbox 301 1097 1160 1185; baseline -0.009 -9"><span class='ocrx_word' id='word_1_29' title='bbox 301 1103 493 1176; x_wconf 75' lang='grc' dir='ltr'><strong><em>ὀδύναισι</em></strong></span> <span class='ocrx_word' id='word_1_30' title='bbox 514 1102 652 1178; x_wconf 75' lang='grc' dir='ltr'><strong><em>όώσεις</em></strong></span> <span class='ocrx_word' id='word_1_31' title='bbox 682 1108 740 1177; x_wconf 83' lang='grc' dir='ltr'>τός</span> <span class='ocrx_word' id='word_1_32' title='bbox 760 1101 792 1166; x_wconf 81' lang='lat' dir='ltr'>d&#39;</span> <span class='ocrx_word' id='word_1_33' title='bbox 813 1097 1009 1185; x_wconf 72' lang='grc' dir='ltr'>ἀτιμάζων</span> <span class='ocrx_word' id='word_1_34' title='bbox 1029 1108 1160 1182; x_wconf 80' lang='grc' dir='ltr'><strong><em>νέκυς,</em></strong></span> 
     </span>
     <span class='ocr_line' id='line_1_8' title="bbox 301 1183 1177 1276; baseline -0.006 -16"><span class='ocrx_word' id='word_1_35' title='bbox 301 1198 338 1260; x_wconf 86' lang='lat' dir='ltr'>ai</span> <span class='ocrx_word' id='word_1_36' title='bbox 362 1190 484 1276; x_wconf 75' lang='grc' dir='ltr'><strong><em>μηδὲν</em></strong></span> <span class='ocrx_word' id='word_1_37' title='bbox 513 1185 783 1255; x_wconf 74' lang='grc' dir='ltr'><strong><em>αἰσθάνοιντο</em></strong></span> <span class='ocrx_word' id='word_1_38' title='bbox 810 1189 883 1252; x_wconf 81' lang='grc' dir='ltr'>τῶν</span> <span class='ocrx_word' id='word_1_39' title='bbox 903 1183 1177 1274; x_wconf 71' lang='grc' dir='ltr'><strong><em>παθημάτωνς</em></strong></span> 
     </span>
    </p>
   </div>
   <div class='ocr_carea' id='block_1_5' title="bbox 204 1307 1265 1992">
    <p class='ocr_par' dir='ltr' id='par_1_5' title="bbox 204 1307 1265 1992">
     <span class='ocr_line' id='line_1_9' title="bbox 258 1307 1264 1389; baseline -0.001 -18"><span class='ocrx_word' id='word_1_40' title='bbox 258 1317 351 1376; x_wconf 82' lang='lat' dir='ltr'>More</span> <span class='ocrx_word' id='word_1_41' title='bbox 365 1312 547 1389; x_wconf 79' lang='lat' dir='ltr'>iurgiorum</span> <span class='ocrx_word' id='word_1_42' title='bbox 553 1310 635 1385; x_wconf 73' lang='lat' dir='ltr'>finis</span> <span class='ocrx_word' id='word_1_43' title='bbox 651 1319 700 1366; x_wconf 83' lang='lat' dir='ltr'>cet</span> <span class='ocrx_word' id='word_1_44' title='bbox 712 1307 900 1367; x_wconf 72' lang='lat' dir='ltr'><em>mortalibus</em></span> <span class='ocrx_word' id='word_1_45' title='bbox 906 1326 919 1378; x_wconf 92' lang='grc'>,·</span> <span class='ocrx_word' id='word_1_46' title='bbox 948 1310 1037 1367; x_wconf 85' lang='lat' dir='ltr'>Nam</span> <span class='ocrx_word' id='word_1_47' title='bbox 1052 1312 1156 1367; x_wconf 84' lang='grc' dir='ltr'><strong><em>πιαίιισ</em></strong></span> <span class='ocrx_word' id='word_1_48' title='bbox 1169 1311 1264 1370; x_wconf 80' lang='lat' dir='ltr'>aliud</span> 
     </span>
     <span class='ocr_line' id='line_1_10' title="bbox 204 1394 1261 1479; baseline -0.002 -23"><span class='ocrx_word' id='word_1_49' title='bbox 204 1441 209 1456; x_wconf 89' lang='lat'><strong>.</strong></span> <span class='ocrx_word' id='word_1_50' title='bbox 258 1399 340 1479; x_wconf 81' lang='lat' dir='ltr'>quid</span> <span class='ocrx_word' id='word_1_51' title='bbox 348 1408 453 1474; x_wconf 81' lang='lat' dir='ltr'>pateat</span> <span class='ocrx_word' id='word_1_52' title='bbox 468 1398 530 1455; x_wconf 79' lang='lat' dir='ltr'>icto</span> <span class='ocrx_word' id='word_1_53' title='bbox 547 1394 648 1454; x_wconf 78' lang='lat' dir='ltr'>dari?</span> <span class='ocrx_word' id='word_1_54' title='bbox 677 1396 795 1453; x_wconf 81' lang='lat' dir='ltr'><em>Molem</em></span> <span class='ocrx_word' id='word_1_55' title='bbox 811 1395 879 1470; x_wconf 80' lang='lat' dir='ltr'>quie</span> <span class='ocrx_word' id='word_1_56' title='bbox 899 1404 1149 1453; x_wconf 75' lang='lat' dir='ltr'>autemrcrcam</span> <span class='ocrx_word' id='word_1_57' title='bbox 1164 1395 1261 1456; x_wconf 79' lang='grc' dir='ltr'><strong><em>Ιιοιια</em></strong></span> 
     </span>
     <span class='ocr_line' id='line_1_11' title="bbox 258 1481 1264 1551; baseline 0 -9"><span class='ocrx_word' id='word_1_58' title='bbox 258 1484 431 1548; x_wconf 68' lang='lat' dir='ltr'>verberam</span> <span class='ocrx_word' id='word_1_59' title='bbox 456 1484 548 1541; x_wconf 84' lang='lat' dir='ltr'>Oient</span> <span class='ocrx_word' id='word_1_60' title='bbox 572 1481 727 1551; x_wconf 81' lang='lat' dir='ltr'>dolorem,</span> <span class='ocrx_word' id='word_1_61' title='bbox 754 1493 948 1537; x_wconf 81' lang='grc' dir='ltr'><strong><em>ναονιαιινιινσ</em></strong></span> <span class='ocrx_word' id='word_1_62' title='bbox 971 1483 1101 1540; x_wconf 73' lang='lat' dir='ltr'>iniuriis</span> <span class='ocrx_word' id='word_1_63' title='bbox 1124 1483 1264 1542; x_wconf 73' lang='lat' dir='ltr'>Frustra</span> 
     </span>
     <span class='ocr_line' id='line_1_12' title="bbox 259 1562 1263 1647; baseline -0.004 -17"><span class='ocrx_word' id='word_1_64' title='bbox 259 1572 417 1630; x_wconf 70' lang='lat' dir='ltr'>lacessam</span> <span class='ocrx_word' id='word_1_65' title='bbox 430 1565 693 1624; x_wconf 64' lang='lat' dir='ltr'>miracimmum</span> <span class='ocrx_word' id='word_1_66' title='bbox 710 1564 822 1624; x_wconf 80' lang='lat' dir='ltr'>mnia?</span> <span class='ocrx_word' id='word_1_67' title='bbox 844 1562 990 1624; x_wconf 85' lang='lat' dir='ltr'>Valcken.</span> <span class='ocrx_word' id='word_1_68' title='bbox 1004 1566 1037 1626; x_wconf 88' lang='lat' dir='ltr'>in</span> <span class='ocrx_word' id='word_1_69' title='bbox 1051 1587 1144 1645; x_wconf 84' lang='lat' dir='ltr'>marg.</span> <span class='ocrx_word' id='word_1_70' title='bbox 1155 1566 1263 1647; x_wconf 85' lang='lat' dir='ltr'>Eurip.</span> 
     </span>
     <span class='ocr_line' id='line_1_13' title="bbox 257 1648 1264 1729; baseline -0.002 -14"><span class='ocrx_word' id='word_1_71' title='bbox 257 1653 383 1715; x_wconf 83' lang='lat' dir='ltr'>Barnea.</span> <span class='ocrx_word' id='word_1_72' title='bbox 397 1651 474 1710; x_wconf 87' lang='lat' dir='ltr'>haec</span> <span class='ocrx_word' id='word_1_73' title='bbox 489 1649 669 1728; x_wconf 70' lang='lat' dir='ltr'><strong>adscripsit:</strong></span> <span class='ocrx_word' id='word_1_74' title='bbox 691 1651 783 1710; x_wconf 84' lang='lat' dir='ltr'>aliter</span> <span class='ocrx_word' id='word_1_75' title='bbox 798 1648 911 1727; x_wconf 85' lang='lat' dir='ltr'>legitur</span> <span class='ocrx_word' id='word_1_76' title='bbox 924 1669 956 1727; x_wconf 89' lang='lat' dir='ltr'>p.</span> <span class='ocrx_word' id='word_1_77' title='bbox 975 1651 1047 1713; x_wconf 81' lang='lat'>602.</span> <span class='ocrx_word' id='word_1_78' title='bbox 1063 1651 1264 1729; x_wconf 85' lang='lat' dir='ltr'>(hauddubie</span> 
     </span>
     <span class='ocr_line' id='line_1_14' title="bbox 208 1731 1264 1824; baseline -0.002 -20"><span class='ocrx_word' id='word_1_79' title='bbox 208 1795 211 1804; x_wconf 71' lang='grc'>,</span> <span class='ocrx_word' id='word_1_80' title='bbox 260 1739 309 1800; x_wconf 85' lang='lat' dir='ltr'>ed.</span> <span class='ocrx_word' id='word_1_81' title='bbox 328 1737 415 1798; x_wconf 84' lang='lat' dir='ltr'>Stob.</span> <span class='ocrx_word' id='word_1_82' title='bbox 429 1734 570 1812; x_wconf 85' lang='lat' dir='ltr'><strong>Gesner.)</strong></span> <span class='ocrx_word' id='word_1_83' title='bbox 593 1737 628 1794; x_wconf 91' lang='lat' dir='ltr'>in</span> <span class='ocrx_word' id='word_1_84' title='bbox 651 1737 788 1815; x_wconf 79' lang='lat' dir='ltr'><strong>margine</strong></span> <span class='ocrx_word' id='word_1_85' title='bbox 805 1733 869 1796; x_wconf 85' lang='lat' dir='ltr'>MS.</span> <span class='ocrx_word' id='word_1_86' title='bbox 887 1733 1005 1796; x_wconf 85' lang='lat' dir='ltr'>Grotii:</span> <span class='ocrx_word' id='word_1_87' title='bbox 1050 1731 1188 1811; x_wconf 78' lang='grc' dir='ltr'><strong><em>Θάνατος</em></strong></span> <span class='ocrx_word' id='word_1_88' title='bbox 1206 1733 1264 1824; x_wconf 70' lang='grc' dir='ltr'>γάρ</span> 
     </span>
     <span class='ocr_line' id='line_1_15' title="bbox 259 1815 1265 1906; baseline 0.003 -19"><span class='ocrx_word' id='word_1_89' title='bbox 259 1816 455 1906; x_wconf 75' lang='grc' dir='ltr'><strong><em>ἀνθρώποισι</em></strong></span> <span class='ocrx_word' id='word_1_90' title='bbox 478 1823 607 1894; x_wconf 79' lang='grc' dir='ltr'><strong><em>νεικείας</em></strong></span> <span class='ocrx_word' id='word_1_91' title='bbox 631 1818 715 1896; x_wconf 80' lang='grc' dir='ltr'><strong><em>τέλος</em></strong></span> <span class='ocrx_word' id='word_1_92' title='bbox 730 1815 826 1906; x_wconf 79' lang='grc' dir='ltr'><strong><em>Ἔχει·</em></strong></span> <span class='ocrx_word' id='word_1_93' title='bbox 867 1823 986 1902; x_wconf 69' lang='grc' dir='ltr'><strong><em>μαθεῖν</em></strong></span> <span class='ocrx_word' id='word_1_94' title='bbox 1007 1818 1042 1887; x_wconf 81' lang='lat' dir='ltr'>di</span> <span class='ocrx_word' id='word_1_95' title='bbox 1065 1823 1159 1888; x_wconf 81' lang='grc' dir='ltr'><strong><em>πᾶσίν</em></strong></span> <span class='ocrx_word' id='word_1_96' title='bbox 1181 1826 1265 1890; x_wconf 78' lang='grc' dir='ltr'><strong><em>ἐστιν</em></strong></span> 
     </span>
     <span class='ocr_line' id='line_1_16' title="bbox 260 1907 768 1992; baseline -0.008 -25"><span class='ocrx_word' id='word_1_97' title='bbox 260 1909 395 1992; x_wconf 66' lang='grc' dir='ltr'><strong><em>εὐμαρές.</em></strong></span> <span class='ocrx_word' id='word_1_98' title='bbox 414 1915 445 1967; x_wconf 87' lang='lat' dir='ltr'>et</span> <span class='ocrx_word' id='word_1_99' title='bbox 460 1926 491 1967; x_wconf 87' lang='lat' dir='ltr'>v.</span> <span class='ocrx_word' id='word_1_100' title='bbox 507 1907 536 1966; x_wconf 86' lang='grc'>5.</span> <span class='ocrx_word' id='word_1_101' title='bbox 545 1907 591 1966; x_wconf 79' lang='lat' dir='ltr'>&#39;ad</span> <span class='ocrx_word' id='word_1_102' title='bbox 604 1908 649 1970; x_wconf 81' lang='lat' dir='ltr'>ei:</span> <span class='ocrx_word' id='word_1_103' title='bbox 670 1927 710 1964; x_wconf 88' lang='lat' dir='ltr'>an</span> <span class='ocrx_word' id='word_1_104' title='bbox 727 1909 768 1971; x_wconf 82' lang='grc' dir='ltr'>οἵ.</span> 
     </span>
    </p>
   </div>
   <div class='ocr_carea' id='block_1_6' title="bbox 258 2031 1265 2297">
    <p class='ocr_par' dir='ltr' id='par_1_6' title="bbox 258 2031 1265 2297">
     <span class='ocr_line' id='line_1_17' title="bbox 323 2031 1265 2127; baseline 0.006 -33"><span class='ocrx_word' id='word_1_105' title='bbox 323 2032 430 2095; x_wconf 81' lang='lat' dir='ltr'>xvlfl.</span> <span class='ocrx_word' id='word_1_106' title='bbox 454 2031 590 2115; x_wconf 84' lang='lat' dir='ltr'><strong>(XVII.)</strong></span> <span class='ocrx_word' id='word_1_107' title='bbox 613 2032 973 2115; x_wconf 79' lang='lat' dir='ltr'>Sch01.Pind.Pyth.3,</span> <span class='ocrx_word' id='word_1_108' title='bbox 994 2033 1062 2110; x_wconf 81' lang='lat'>176.</span> <span class='ocrx_word' id='word_1_109' title='bbox 1098 2031 1208 2127; x_wconf 78' lang='grc' dir='ltr'><strong><em>Θυώνη</em></strong></span> <span class='ocrx_word' id='word_1_110' title='bbox 1225 2039 1265 2127; x_wconf 74' lang='grc' dir='ltr'><strong><em>τῇ</em></strong></span> 
     </span>
     <span class='ocr_line' id='line_1_18' title="bbox 261 2115 1264 2210; baseline 0.001 -24"><span class='ocrx_word' id='word_1_111' title='bbox 261 2117 380 2210; x_wconf 81' lang='grc' dir='ltr'><strong><em>Σεμέλη</em></strong></span> <span class='ocrx_word' id='word_1_112' title='bbox 394 2123 483 2204; x_wconf 80' lang='grc' dir='ltr'><strong><em>φησί·</em></strong></span> <span class='ocrx_word' id='word_1_113' title='bbox 500 2116 648 2205; x_wconf 78' lang='grc' dir='ltr'><strong><em>διωνυμόᾳ</em></strong></span> <span class='ocrx_word' id='word_1_114' title='bbox 662 2117 720 2203; x_wconf 76' lang='grc' dir='ltr'>γάρ</span> <span class='ocrx_word' id='word_1_115' title='bbox 733 2121 881 2205; x_wconf 67' lang='grc' dir='ltr'><strong><em>ἐκέχρητο·</em></strong></span> <span class='ocrx_word' id='word_1_116' title='bbox 905 2121 964 2184; x_wconf 80' lang='lat' dir='ltr'>eici</span> <span class='ocrx_word' id='word_1_117' title='bbox 978 2115 1012 2184; x_wconf 83' lang='grc' dir='ltr'>δὲ</span> <span class='ocrx_word' id='word_1_118' title='bbox 1026 2123 1060 2184; x_wconf 79' lang='grc' dir='ltr'>οἵ</span> <span class='ocrx_word' id='word_1_119' title='bbox 1074 2122 1124 2184; x_wconf 77' lang='grc' dir='ltr'>ναὶ</span> <span class='ocrx_word' id='word_1_120' title='bbox 1137 2117 1193 2204; x_wconf 80' lang='grc' dir='ltr'>τήν</span> <span class='ocrx_word' id='word_1_121' title='bbox 1208 2119 1264 2187; x_wconf 81' lang='grc' dir='ltr'>αὖ·</span> 
     </span>
     <span class='ocr_line' id='line_1_19' title="bbox 258 2195 1160 2297; baseline -0.003 -25"><span class='ocrx_word' id='word_1_122' title='bbox 258 2206 314 2295; x_wconf 76' lang='grc' dir='ltr'>την</span> <span class='ocrx_word' id='word_1_123' title='bbox 329 2198 453 2289; x_wconf 85' lang='grc' dir='ltr'><strong><em>Διώνην</em></strong></span> <span class='ocrx_word' id='word_1_124' title='bbox 466 2204 619 2289; x_wconf 77' lang='grc' dir='ltr'><strong><em>λέγουσιν,</em></strong></span> <span class='ocrx_word' id='word_1_125' title='bbox 639 2195 741 2289; x_wconf 74' lang='grc' dir='ltr'><strong><em>ὥσπερ</em></strong></span> <span class='ocrx_word' id='word_1_126' title='bbox 755 2203 925 2289; x_wconf 74' lang='grc' dir='ltr'><strong><em>Εὐριπίδης</em></strong></span> <span class='ocrx_word' id='word_1_127' title='bbox 943 2207 976 2269; x_wconf 81' lang='grc' dir='ltr'>ἐν</span> <span class='ocrx_word' id='word_1_128' title='bbox 993 2197 1160 2297; x_wconf 74' lang='grc' dir='ltr'><strong><em>Ἀντιγόνη·</em></strong></span> 
     </span>
    </p>
   </div>
   <div class='ocr_carea' id='block_1_7' title="bbox 298 2311 1278 2490">
    <p class='ocr_par' dir='ltr' id='par_1_7' title="bbox 298 2311 1278 2490">
     <span class='ocr_line' id='line_1_20' title="bbox 298 2311 1089 2406; baseline -0.005 -18"><span class='ocrx_word' id='word_1_129' title='bbox 298 2311 342 2388; x_wconf 69' lang='grc' dir='ltr'>’.Ω</span> <span class='ocrx_word' id='word_1_130' title='bbox 361 2329 435 2406; x_wconf 59' lang='grc' dir='ltr'><strong>παῖ</strong></span> <span class='ocrx_word' id='word_1_131' title='bbox 456 2315 623 2403; x_wconf 88' lang='grc' dir='ltr'><strong><em>Διώνης,</em></strong></span> <span class='ocrx_word' id='word_1_132' title='bbox 652 2317 699 2395; x_wconf 77' lang='grc' dir='ltr'><strong><em>ὥς</em></strong></span> <span class='ocrx_word' id='word_1_133' title='bbox 721 2321 816 2401; x_wconf 66' lang='grc' dir='ltr'><strong><em>ἔφυς</em></strong></span> <span class='ocrx_word' id='word_1_134' title='bbox 836 2323 958 2404; x_wconf 71' lang='grc' dir='ltr'><strong><em>μόνας</em></strong></span> <span class='ocrx_word' id='word_1_135' title='bbox 976 2317 1089 2397; x_wconf 79' lang='grc' dir='ltr'><strong><em>θεός,</em></strong></span> 
     </span>
     <span class='ocr_line' id='line_1_21' title="bbox 304 2401 1278 2490; baseline -0.003 -17"><span class='ocrx_word' id='word_1_136' title='bbox 304 2404 501 2487; x_wconf 86' lang='grc' dir='ltr'><strong><em>Διόνυσε,</em></strong></span> <span class='ocrx_word' id='word_1_137' title='bbox 536 2408 711 2490; x_wconf 74' lang='grc' dir='ltr'><strong><em>θνητοῖς</em></strong></span> <span class='ocrx_word' id='word_1_138' title='bbox 730 2401 959 2489; x_wconf 75' lang='grc' dir='ltr'><strong><em>τὀὗόσμώς</em></strong></span> <span class='ocrx_word' id='word_1_139' title='bbox 981 2401 1220 2482; x_wconf 79' lang='grc' dir='ltr'><strong><em>ὕπόστατος.</em></strong></span> <span class='ocrx_word' id='word_1_140' title='bbox 1274 2475 1278 2482; x_wconf 64' lang='grc'><strong><em>,</em></strong></span> 
     </span>
    </p>
   </div>
   <div class='ocr_carea' id='block_1_8' title="bbox 219 2525 1268 4228">
    <p class='ocr_par' dir='ltr' id='par_1_8' title="bbox 219 2525 1268 4228">
     <span class='ocr_line' id='line_1_22' title="bbox 261 2525 1265 2604; baseline -0.005 -16"><span class='ocrx_word' id='word_1_141' title='bbox 261 2529 351 2589; x_wconf 80' lang='lat' dir='ltr'>Nate</span> <span class='ocrx_word' id='word_1_142' title='bbox 366 2545 383 2583; x_wconf 91' lang='grc' dir='ltr'><strong><em>ο</em></strong></span> <span class='ocrx_word' id='word_1_143' title='bbox 398 2527 539 2600; x_wconf 82' lang='lat' dir='ltr'>Dionea,</span> <span class='ocrx_word' id='word_1_144' title='bbox 560 2543 697 2604; x_wconf 73' lang='lat' dir='ltr'>magnae</span> <span class='ocrx_word' id='word_1_145' title='bbox 712 2545 730 2583; x_wconf 95' lang='grc' dir='ltr'><strong><em>ο</em></strong></span> <span class='ocrx_word' id='word_1_146' title='bbox 745 2544 840 2603; x_wconf 84' lang='lat' dir='ltr'>quam</span> <span class='ocrx_word' id='word_1_147' title='bbox 856 2537 892 2582; x_wconf 82' lang='lat' dir='ltr'>tu</span> <span class='ocrx_word' id='word_1_148' title='bbox 908 2525 984 2584; x_wconf 80' lang='lat' dir='ltr'>dene</span> <span class='ocrx_word' id='word_1_149' title='bbox 992 2567 1003 2595; x_wconf 83' lang='lat'><em>,</em></span> <span class='ocrx_word' id='word_1_150' title='bbox 1023 2525 1144 2603; x_wconf 65' lang='grc' dir='ltr'><strong><em>Ιησοε,</em></strong></span> <span class='ocrx_word' id='word_1_151' title='bbox 1175 2544 1265 2602; x_wconf 81' lang='lat' dir='ltr'>quem</span> 
     </span>
     <span class='ocr_line' id='line_1_23' title="bbox 260 2601 1265 2691; baseline 0.005 -21"><span class='ocrx_word' id='word_1_152' title='bbox 260 2633 318 2671; x_wconf 83' lang='lat' dir='ltr'>nac</span> <span class='ocrx_word' id='word_1_153' title='bbox 325 2612 423 2691; x_wconf 81' lang='lat' dir='ltr'>serre</span> <span class='ocrx_word' id='word_1_154' title='bbox 437 2611 588 2670; x_wconf 71' lang='lat' dir='ltr'>mortales</span> <span class='ocrx_word' id='word_1_155' title='bbox 602 2621 728 2688; x_wconf 82' lang='lat' dir='ltr'>queant.</span> <span class='ocrx_word' id='word_1_156' title='bbox 751 2609 837 2670; x_wconf 70' lang='lat' dir='ltr'>Grot.</span> <span class='ocrx_word' id='word_1_157' title='bbox 853 2607 927 2668; x_wconf 85' lang='lat' dir='ltr'>Exc.</span> <span class='ocrx_word' id='word_1_158' title='bbox 943 2630 974 2689; x_wconf 89' lang='lat' dir='ltr'>p.</span> <span class='ocrx_word' id='word_1_159' title='bbox 992 2609 1064 2684; x_wconf 79' lang='lat'><strong>370.</strong></span> <span class='ocrx_word' id='word_1_160' title='bbox 1091 2601 1265 2684; x_wconf 78' lang='grc' dir='ltr'><strong><em>ῧπόστατος</em></strong></span> 
     </span>
     <span class='ocr_line' id='line_1_24' title="bbox 259 2687 1266 2776; baseline -0.003 -20"><span class='ocrx_word' id='word_1_161' title='bbox 259 2717 301 2756; x_wconf 79' lang='lat' dir='ltr'>ex</span> <span class='ocrx_word' id='word_1_162' title='bbox 325 2717 387 2756; x_wconf 88' lang='lat' dir='ltr'>em.</span> <span class='ocrx_word' id='word_1_163' title='bbox 410 2694 507 2756; x_wconf 81' lang='lat' dir='ltr'>Andr.</span> <span class='ocrx_word' id='word_1_164' title='bbox 521 2692 641 2755; x_wconf 84' lang='lat' dir='ltr'>Schotti</span> <span class='ocrx_word' id='word_1_165' title='bbox 657 2695 781 2775; x_wconf 81' lang='lat' dir='ltr'><strong>scripsit</strong></span> <span class='ocrx_word' id='word_1_166' title='bbox 798 2695 882 2755; x_wconf 66' lang='lat' dir='ltr'>Grot.</span> <span class='ocrx_word' id='word_1_167' title='bbox 899 2715 958 2776; x_wconf 86' lang='lat' dir='ltr'>pro</span> <span class='ocrx_word' id='word_1_168' title='bbox 972 2687 1152 2776; x_wconf 77' lang='grc' dir='ltr'><strong><em>ὑποστάτης.</em></strong></span> <span class='ocrx_word' id='word_1_169' title='bbox 1186 2695 1266 2754; x_wconf 89' lang='lat' dir='ltr'>Dio-</span> 
     </span>
     <span class='ocr_line' id='line_1_25' title="bbox 258 2779 1264 2862; baseline -0.003 -20"><span class='ocrx_word' id='word_1_170' title='bbox 258 2787 321 2842; x_wconf 83' lang='lat' dir='ltr'>&#39;nen</span> <span class='ocrx_word' id='word_1_171' title='bbox 339 2802 397 2862; x_wconf 90' lang='lat' dir='ltr'>pro</span> <span class='ocrx_word' id='word_1_172' title='bbox 412 2779 544 2860; x_wconf 83' lang='lat' dir='ltr'><strong>Thyone</strong></span> <span class='ocrx_word' id='word_1_173' title='bbox 559 2781 704 2842; x_wconf 84' lang='lat' dir='ltr'>Semelen</span> <span class='ocrx_word' id='word_1_174' title='bbox 723 2779 838 2840; x_wconf 85' lang='lat' dir='ltr'>dictam</span> <span class='ocrx_word' id='word_1_175' title='bbox 855 2801 937 2852; x_wconf 83' lang='lat' dir='ltr'>ecee,</span> <span class='ocrx_word' id='word_1_176' title='bbox 957 2781 1008 2840; x_wconf 88' lang='lat' dir='ltr'>vel</span> <span class='ocrx_word' id='word_1_177' title='bbox 1026 2779 1182 2840; x_wconf 76' lang='lat' dir='ltr'>Bacchum</span> <span class='ocrx_word' id='word_1_178' title='bbox 1206 2801 1264 2860; x_wconf 88' lang='lat' dir='ltr'>pro</span> 
     </span>
     <span class='ocr_line' id='line_1_26' title="bbox 258 2864 1265 2928; baseline -0.001 -1"><span class='ocrx_word' id='word_1_179' title='bbox 258 2866 391 2928; x_wconf 82' lang='lat' dir='ltr'>Veneria</span> <span class='ocrx_word' id='word_1_180' title='bbox 412 2865 478 2926; x_wconf 88' lang='lat' dir='ltr'>filio</span> <span class='ocrx_word' id='word_1_181' title='bbox 502 2867 640 2926; x_wconf 87' lang='lat' dir='ltr'>habitum</span> <span class='ocrx_word' id='word_1_182' title='bbox 660 2887 726 2925; x_wconf 92' lang='lat' dir='ltr'>non</span> <span class='ocrx_word' id='word_1_183' title='bbox 747 2869 909 2926; x_wconf 79' lang='lat' dir='ltr'>credentes</span> <span class='ocrx_word' id='word_1_184' title='bbox 926 2864 1115 2924; x_wconf 68' lang='lat' dir='ltr'>scholiastae</span> <span class='ocrx_word' id='word_1_185' title='bbox 1130 2864 1265 2926; x_wconf 85' lang='lat' dir='ltr'>Valcke-</span> 
     </span>
     <span class='ocr_line' id='line_1_27' title="bbox 257 2945 1265 3031; baseline -0.001 -18"><span class='ocrx_word' id='word_1_186' title='bbox 257 2955 399 3026; x_wconf 61' lang='lat' dir='ltr'>narius,</span> <span class='ocrx_word' id='word_1_187' title='bbox 419 2951 642 3026; x_wconf 81' lang='lat' dir='ltr'>Ruhnkeniue,</span> <span class='ocrx_word' id='word_1_188' title='bbox 664 2951 830 3013; x_wconf 85' lang='lat' dir='ltr'>Pieracnus</span> <span class='ocrx_word' id='word_1_189' title='bbox 845 2970 902 3031; x_wconf 90' lang='lat' dir='ltr'>pro</span> <span class='ocrx_word' id='word_1_190' title='bbox 920 2945 1051 3016; x_wconf 85' lang='grc' dir='ltr'><strong><em>Διόνυσε</em></strong></span> <span class='ocrx_word' id='word_1_191' title='bbox 1065 2952 1265 3012; x_wconf 77' lang='lat' dir='ltr'>scribendum</span> 
     </span>
     <span class='ocr_line' id='line_1_28' title="bbox 256 3029 1265 3117; baseline 0.001 -19"><span class='ocrx_word' id='word_1_192' title='bbox 256 3039 473 3100; x_wconf 84' lang='lat' dir='ltr'>iudicaverunt</span> <span class='ocrx_word' id='word_1_193' title='bbox 496 3039 549 3098; x_wconf 89' lang='lat' dir='ltr'>vel</span> <span class='ocrx_word' id='word_1_194' title='bbox 570 3029 682 3111; x_wconf 83' lang='grc' dir='ltr'><strong><em>Μόνος</em></strong></span> <span class='ocrx_word' id='word_1_195' title='bbox 701 3060 752 3110; x_wconf 85' lang='grc' dir='ltr'><strong><em>τε,</em></strong></span> <span class='ocrx_word' id='word_1_196' title='bbox 784 3038 836 3098; x_wconf 85' lang='lat' dir='ltr'>val</span> <span class='ocrx_word' id='word_1_197' title='bbox 852 3029 961 3110; x_wconf 88' lang='grc' dir='ltr'><strong><em>Δεινός</em></strong></span> <span class='ocrx_word' id='word_1_198' title='bbox 976 3058 1009 3098; x_wconf 89' lang='grc' dir='ltr'><strong><em>τε</em></strong></span> <span class='ocrx_word' id='word_1_199' title='bbox 1024 3036 1077 3096; x_wconf 84' lang='lat' dir='ltr'>vel</span> <span class='ocrx_word' id='word_1_200' title='bbox 1093 3038 1200 3100; x_wconf 76' lang='grc' dir='ltr'><strong><em>θεοῖσι</em></strong></span> <span class='ocrx_word' id='word_1_201' title='bbox 1216 3058 1265 3117; x_wconf 85' lang='lat' dir='ltr'>ap.</span> 
     </span>
     <span class='ocr_line' id='line_1_29' title="bbox 257 3119 1267 3201; baseline -0.001 -18"><span class='ocrx_word' id='word_1_202' title='bbox 257 3123 406 3183; x_wconf 85' lang='lat' dir='ltr'>Valcken.</span> <span class='ocrx_word' id='word_1_203' title='bbox 419 3123 541 3182; x_wconf 86' lang='lat' dir='ltr'>diatrib.</span> <span class='ocrx_word' id='word_1_204' title='bbox 557 3143 589 3201; x_wconf 88' lang='lat' dir='ltr'>p.</span> <span class='ocrx_word' id='word_1_205' title='bbox 607 3119 677 3180; x_wconf 84' lang='lat'>156.</span> <span class='ocrx_word' id='word_1_206' title='bbox 712 3121 775 3183; x_wconf 88' lang='lat' dir='ltr'>Sed</span> <span class='ocrx_word' id='word_1_207' title='bbox 790 3142 839 3184; x_wconf 78' lang='lat' dir='ltr'>rec</span> <span class='ocrx_word' id='word_1_208' title='bbox 854 3123 947 3182; x_wconf 83' lang='lat' dir='ltr'>nimis</span> <span class='ocrx_word' id='word_1_209' title='bbox 963 3123 1092 3182; x_wconf 82' lang='lat' dir='ltr'>obscura</span> <span class='ocrx_word' id='word_1_210' title='bbox 1109 3132 1164 3182; x_wconf 71' lang='lat' dir='ltr'>eet.</span> <span class='ocrx_word' id='word_1_211' title='bbox 1202 3121 1267 3182; x_wconf 86' lang='lat' dir='ltr'>Ita-</span> 
     </span>
     <span class='ocr_line' id='line_1_30' title="bbox 259 3205 1266 3288; baseline 0.001 -21"><span class='ocrx_word' id='word_1_212' title='bbox 259 3229 320 3288; x_wconf 82' lang='lat' dir='ltr'>que</span> <span class='ocrx_word' id='word_1_213' title='bbox 346 3207 482 3273; x_wconf 85' lang='lat' dir='ltr'>Boeckh.</span> <span class='ocrx_word' id='word_1_214' title='bbox 506 3207 547 3266; x_wconf 87' lang='lat' dir='ltr'>ad</span> <span class='ocrx_word' id='word_1_215' title='bbox 570 3206 676 3265; x_wconf 89' lang='lat' dir='ltr'>Schol.</span> <span class='ocrx_word' id='word_1_216' title='bbox 698 3227 763 3266; x_wconf 90' lang='lat' dir='ltr'>non</span> <span class='ocrx_word' id='word_1_217' title='bbox 791 3208 885 3267; x_wconf 84' lang='lat' dir='ltr'>audet</span> <span class='ocrx_word' id='word_1_218' title='bbox 910 3207 1053 3268; x_wconf 75' lang='lat' dir='ltr'>directam</span> <span class='ocrx_word' id='word_1_219' title='bbox 1081 3205 1266 3270; x_wconf 80' lang='lat' dir='ltr'>scholiastae</span> 
     </span>
     <span class='ocr_line' id='line_1_31' title="bbox 257 3291 1266 3372; baseline 0.001 -18"><span class='ocrx_word' id='word_1_220' title='bbox 257 3294 472 3354; x_wconf 77' lang='lat' dir='ltr'>narrationem</span> <span class='ocrx_word' id='word_1_221' title='bbox 492 3291 666 3351; x_wconf 80' lang='lat' dir='ltr'><strong>istiusmodi</strong></span> <span class='ocrx_word' id='word_1_222' title='bbox 687 3292 873 3372; x_wconf 80' lang='lat' dir='ltr'>argumentis</span> <span class='ocrx_word' id='word_1_223' title='bbox 901 3293 1055 3368; x_wconf 88' lang='lat' dir='ltr'>refutare,</span> <span class='ocrx_word' id='word_1_224' title='bbox 1082 3294 1266 3372; x_wconf 80' lang='lat' dir='ltr'>praesertim</span> 
     </span>
     <span class='ocr_line' id='line_1_32' title="bbox 259 3375 1266 3458; baseline 0.004 -21"><span class='ocrx_word' id='word_1_225' title='bbox 259 3398 353 3458; x_wconf 88' lang='lat' dir='ltr'>quum</span> <span class='ocrx_word' id='word_1_226' title='bbox 372 3378 474 3437; x_wconf 84' lang='lat' dir='ltr'>Diona</span> <span class='ocrx_word' id='word_1_227' title='bbox 495 3397 561 3435; x_wconf 91' lang='lat' dir='ltr'>non</span> <span class='ocrx_word' id='word_1_228' title='bbox 580 3377 671 3436; x_wconf 81' lang='lat' dir='ltr'>nnius</span> <span class='ocrx_word' id='word_1_229' title='bbox 691 3378 767 3438; x_wconf 83' lang='lat' dir='ltr'>deae</span> <span class='ocrx_word' id='word_1_230' title='bbox 786 3397 902 3438; x_wconf 89' lang='lat' dir='ltr'>nomen</span> <span class='ocrx_word' id='word_1_231' title='bbox 925 3378 1037 3454; x_wconf 86' lang='lat' dir='ltr'>fuerit,</span> <span class='ocrx_word' id='word_1_232' title='bbox 1059 3375 1174 3457; x_wconf 86' lang='lat' dir='ltr'>dequo</span> <span class='ocrx_word' id='word_1_233' title='bbox 1189 3379 1266 3440; x_wconf 80' lang='lat' dir='ltr'>vida</span> 
     </span>
     <span class='ocr_line' id='line_1_33' title="bbox 257 3461 1267 3569; baseline -0.002 -45"><span class='ocrx_word' id='word_1_234' title='bbox 257 3463 480 3524; x_wconf 85' lang='lat' dir='ltr'>Buttmannum</span> <span class='ocrx_word' id='word_1_235' title='bbox 495 3463 534 3522; x_wconf 83' lang='lat' dir='ltr'>ad</span> <span class='ocrx_word' id='word_1_236' title='bbox 550 3461 706 3528; x_wconf 81' lang='lat' dir='ltr'>Dcmcath.</span> <span class='ocrx_word' id='word_1_237' title='bbox 724 3463 848 3523; x_wconf 80' lang='lat' dir='ltr'>Midian.</span> <span class='ocrx_word' id='word_1_238' title='bbox 859 3463 907 3525; x_wconf 88' lang='lat' dir='ltr'>ed.</span> <span class='ocrx_word' id='word_1_239' title='bbox 916 3461 1074 3542; x_wconf 86' lang='lat' dir='ltr'>Spalding.</span> <span class='ocrx_word' id='word_1_240' title='bbox 1086 3483 1118 3542; x_wconf 91' lang='lat' dir='ltr'>p.</span> <span class='ocrx_word' id='word_1_241' title='bbox 1130 3465 1190 3524; x_wconf 83' lang='lat'>128</span> <span class='ocrx_word' id='word_1_242' title='bbox 1200 3485 1267 3569; x_wconf 76' lang='grc' dir='ltr'><strong><em>εηη.</em></strong></span> 
     </span>
     <span class='ocr_line' id='line_1_34' title="bbox 219 3543 1267 3632; baseline 0.007 -24"><span class='ocrx_word' id='word_1_243' title='bbox 219 3582 224 3596; x_wconf 45' lang='grc' dir='ltr'><strong>κ</strong></span> <span class='ocrx_word' id='word_1_244' title='bbox 258 3549 388 3609; x_wconf 78' lang='lat' dir='ltr'>Accedit</span> <span class='ocrx_word' id='word_1_245' title='bbox 399 3551 485 3609; x_wconf 90' lang='lat' dir='ltr'>Iocua</span> <span class='ocrx_word' id='word_1_246' title='bbox 499 3547 646 3625; x_wconf 78' lang='lat' dir='ltr'>Hesychii</span> <span class='ocrx_word' id='word_1_247' title='bbox 663 3570 682 3608; x_wconf 90' lang='lat' dir='ltr'>a</span> <span class='ocrx_word' id='word_1_248' title='bbox 696 3545 1017 3610; x_wconf 76' lang='lat' dir='ltr'>Valcken.‘laudatus=</span> <span class='ocrx_word' id='word_1_249' title='bbox 1041 3543 1168 3632; x_wconf 77' lang='grc' dir='ltr'><strong><em>Βάκχου</em></strong></span> <span class='ocrx_word' id='word_1_250' title='bbox 1183 3557 1267 3615; x_wconf 82' lang='grc' dir='ltr'><strong><em>Διω-</em></strong></span> 
     </span>
     <span class='ocr_line' id='line_1_35' title="bbox 258 3627 1267 3738; baseline 0.001 -40"><span class='ocrx_word' id='word_1_251' title='bbox 258 3657 328 3738; x_wconf 81' lang='grc' dir='ltr'><strong><em>νης,</em></strong></span> <span class='ocrx_word' id='word_1_252' title='bbox 347 3637 380 3698; x_wconf 82' lang='lat' dir='ltr'>oi</span> <span class='ocrx_word' id='word_1_253' title='bbox 399 3633 456 3716; x_wconf 83' lang='grc' dir='ltr'>μὲν</span> <span class='ocrx_word' id='word_1_254' title='bbox 476 3636 693 3719; x_wconf 80' lang='grc' dir='ltr'><strong><em>βανχευτηρόας</em></strong></span> <span class='ocrx_word' id='word_1_255' title='bbox 711 3634 859 3717; x_wconf 77' lang='grc' dir='ltr'><strong><em>Σεμέλης,</em></strong></span> <span class='ocrx_word' id='word_1_256' title='bbox 881 3635 912 3696; x_wconf 84' lang='lat' dir='ltr'>ci</span> <span class='ocrx_word' id='word_1_257' title='bbox 927 3630 961 3697; x_wconf 80' lang='lat' dir='ltr'>di</span> <span class='ocrx_word' id='word_1_258' title='bbox 978 3627 1104 3718; x_wconf 67' lang='grc' dir='ltr'><strong><em>Βόκχου</em></strong></span> <span class='ocrx_word' id='word_1_259' title='bbox 1119 3634 1175 3698; x_wconf 80' lang='grc' dir='ltr'><strong><em>τοῦ</em></strong></span> <span class='ocrx_word' id='word_1_260' title='bbox 1189 3641 1267 3700; x_wconf 85' lang='grc' dir='ltr'><strong><em>Δισ-</em></strong></span> 
     </span>
     <span class='ocr_line' id='line_1_36' title="bbox 258 3713 1268 3805; baseline 0.001 -21"><span class='ocrx_word' id='word_1_261' title='bbox 258 3744 353 3784; x_wconf 90' lang='grc' dir='ltr'><strong><em>νυσου</em></strong></span> <span class='ocrx_word' id='word_1_262' title='bbox 377 3721 429 3784; x_wconf 78' lang='grc' dir='ltr'>καλ</span> <span class='ocrx_word' id='word_1_263' title='bbox 445 3718 622 3803; x_wconf 76' lang='grc' dir='ltr'><strong><em>Ἀφροδίτης</em></strong></span> <span class='ocrx_word' id='word_1_264' title='bbox 646 3720 700 3802; x_wconf 76' lang='grc' dir='ltr'>τῆς</span> <span class='ocrx_word' id='word_1_265' title='bbox 723 3715 857 3801; x_wconf 82' lang='grc' dir='ltr'><strong><em>Διώνης,</em></strong></span> <span class='ocrx_word' id='word_1_266' title='bbox 883 3713 1021 3799; x_wconf 80' lang='grc' dir='ltr'><strong><em>παρόσον</em></strong></span> <span class='ocrx_word' id='word_1_267' title='bbox 1034 3717 1182 3799; x_wconf 83' lang='grc' dir='ltr'><strong><em>όιωνυμόιι</em></strong></span> <span class='ocrx_word' id='word_1_268' title='bbox 1195 3719 1268 3805; x_wconf 67' lang='grc' dir='ltr'><strong><em>περὶ</em></strong></span> 
     </span>
     <span class='ocr_line' id='line_1_37' title="bbox 258 3798 1266 3890; baseline 0.002 -24"><span class='ocrx_word' id='word_1_269' title='bbox 258 3798 315 3876; x_wconf 87' lang='grc' dir='ltr'>τός</span> <span class='ocrx_word' id='word_1_270' title='bbox 335 3799 425 3876; x_wconf 71' lang='grc' dir='ltr'><strong><em>θεός.</em></strong></span> <span class='ocrx_word' id='word_1_271' title='bbox 467 3799 629 3890; x_wconf 82' lang='grc' dir='ltr'><strong><em>Πράξιλλα</em></strong></span> <span class='ocrx_word' id='word_1_272' title='bbox 644 3798 712 3887; x_wconf 66' lang='lat' dir='ltr'>dir}</span> <span class='ocrx_word' id='word_1_273' title='bbox 729 3807 883 3889; x_wconf 73' lang='grc' dir='ltr'><strong><em>Σικυωνία</em></strong></span> <span class='ocrx_word' id='word_1_274' title='bbox 894 3799 1080 3889; x_wconf 75' lang='grc' dir='ltr'><strong><em>Ἀφροδίτης</em></strong></span> <span class='ocrx_word' id='word_1_275' title='bbox 1095 3801 1193 3870; x_wconf 75' lang='grc' dir='ltr'><strong><em>παῖδα</em></strong></span> <span class='ocrx_word' id='word_1_276' title='bbox 1210 3806 1266 3870; x_wconf 90' lang='grc' dir='ltr'>τόν</span> 
     </span>
     <span class='ocr_line' id='line_1_38' title="bbox 258 3886 1264 3972; baseline -0.003 -21"><span class='ocrx_word' id='word_1_277' title='bbox 258 3886 341 3952; x_wconf 75' lang='grc' dir='ltr'><strong><em>θεὸν</em></strong></span> <span class='ocrx_word' id='word_1_278' title='bbox 364 3891 485 3972; x_wconf 76' lang='grc' dir='ltr'><strong><em>ἱστορεῖ.</em></strong></span> <span class='ocrx_word' id='word_1_279' title='bbox 513 3891 566 3968; x_wconf 86' lang='lat' dir='ltr'>qui</span> <span class='ocrx_word' id='word_1_280' title='bbox 585 3891 672 3950; x_wconf 83' lang='lat' dir='ltr'>Iocus</span> <span class='ocrx_word' id='word_1_281' title='bbox 694 3892 752 3950; x_wconf 75' lang='lat' dir='ltr'>etei</span> <span class='ocrx_word' id='word_1_282' title='bbox 778 3892 941 3972; x_wconf 75' lang='lat' dir='ltr'>obacurup,</span> <span class='ocrx_word' id='word_1_283' title='bbox 972 3889 1123 3968; x_wconf 80' lang='lat' dir='ltr'>significet</span> <span class='ocrx_word' id='word_1_284' title='bbox 1145 3899 1264 3965; x_wconf 84' lang='lat' dir='ltr'>tamen,</span> 
     </span>
     <span class='ocr_line' id='line_1_39' title="bbox 258 3973 1265 4054; baseline 0.002 -22"><span class='ocrx_word' id='word_1_285' title='bbox 258 3984 384 4053; x_wconf 87' lang='lat' dir='ltr'>praeter</span> <span class='ocrx_word' id='word_1_286' title='bbox 401 3975 566 4034; x_wconf 80' lang='lat' dir='ltr'>Praxillam</span> <span class='ocrx_word' id='word_1_287' title='bbox 579 3976 691 4047; x_wconf 79' lang='lat' dir='ltr'>fuisse,</span> <span class='ocrx_word' id='word_1_288' title='bbox 722 3974 774 4054; x_wconf 90' lang='lat' dir='ltr'>qui</span> <span class='ocrx_word' id='word_1_289' title='bbox 791 3974 945 4036; x_wconf 81' lang='lat' dir='ltr'>Bacchum</span> <span class='ocrx_word' id='word_1_290' title='bbox 964 3973 1078 4034; x_wconf 85' lang='lat' dir='ltr'>Diones</span> <span class='ocrx_word' id='word_1_291' title='bbox 1094 3975 1146 4033; x_wconf 85' lang='lat' dir='ltr'>vel</span> <span class='ocrx_word' id='word_1_292' title='bbox 1159 3977 1265 4036; x_wconf 84' lang='lat' dir='ltr'>Vene-</span> 
     </span>
     <span class='ocr_line' id='line_1_40' title="bbox 259 4057 1264 4138; baseline 0 -20"><span class='ocrx_word' id='word_1_293' title='bbox 259 4061 302 4118; x_wconf 85' lang='lat' dir='ltr'>ria</span> <span class='ocrx_word' id='word_1_294' title='bbox 317 4057 417 4117; x_wconf 89' lang='lat' dir='ltr'>filium</span> <span class='ocrx_word' id='word_1_295' title='bbox 433 4060 580 4120; x_wconf 82' lang='lat' dir='ltr'>iacerent.</span> <span class='ocrx_word' id='word_1_296' title='bbox 620 4059 757 4120; x_wconf 83' lang='lat' dir='ltr'>Bacchua</span> <span class='ocrx_word' id='word_1_297' title='bbox 780 4071 899 4133; x_wconf 87' lang='lat' dir='ltr'>autem,</span> <span class='ocrx_word' id='word_1_298' title='bbox 926 4057 1031 4138; x_wconf 81' lang='lat' dir='ltr'>inquit</span> <span class='ocrx_word' id='word_1_299' title='bbox 1052 4059 1204 4138; x_wconf 76' lang='lat' dir='ltr'>BocckIc,</span> <span class='ocrx_word' id='word_1_300' title='bbox 1225 4060 1264 4118; x_wconf 88' lang='lat' dir='ltr'>ab</span> 
     </span>
     <span class='ocr_line' id='line_1_41' title="bbox 260 4143 1263 4228; baseline 0 -24"><span class='ocrx_word' id='word_1_301' title='bbox 260 4144 413 4226; x_wconf 77' lang='lat' dir='ltr'>Antigona</span> <span class='ocrx_word' id='word_1_302' title='bbox 427 4155 461 4205; x_wconf 91' lang='lat' dir='ltr'>ut</span> <span class='ocrx_word' id='word_1_303' title='bbox 473 4143 779 4226; x_wconf 84' lang='lat' dir='ltr'>patrina&#39;l&#39;hcberum</span> <span class='ocrx_word' id='word_1_304' title='bbox 790 4147 865 4208; x_wconf 81' lang='lat' dir='ltr'>deus</span> <span class='ocrx_word' id='word_1_305' title='bbox 882 4145 1025 4211; x_wconf 86' lang='lat' dir='ltr'>invocari</span> <span class='ocrx_word' id='word_1_306' title='bbox 1040 4145 1158 4228; x_wconf 80' lang='lat' dir='ltr'>potuit3</span> <span class='ocrx_word' id='word_1_307' title='bbox 1181 4145 1263 4210; x_wconf 90' lang='lat' dir='ltr'>addo</span> 
     </span>
    </p>
   </div>
   <div class='ocr_carea' id='block_1_9' title="bbox 0 0 1394 4922">
    <p class='ocr_par' dir='ltr' id='par_1_9' title="bbox 0 0 1394 4922">
     <span class='ocr_line' id='line_1_42' title="bbox 0 0 1394 4922; baseline 0 0"><span class='ocrx_word' id='word_1_308' title='bbox 0 0 1394 4922; x_wconf 95' lang='lat' dir='ltr'> </span> 
     </span>
    </p>
   </div>
  </div>
 </body>
</html>
