2778 4922
374 545 911 616 ANTIGONA.ANT10PA.
1098 555 1141 621 65
1256 600 1260 606 -

139 718 287 780 Bacchum
303 721 432 782 Veneris
449 720 548 782 filium
571 743 588 782 e
609 722 760 803 religione
775 721 995 785 Thebanorum
1014 728 1141 807 propria

137 807 221 866 credi
244 809 390 885 potuisse.

195 923 281 985 XIX.
310 925 412 1018 Schol.
434 924 542 1006 Eurip
563 923 678 985 Phoen.
704 925 794 985 1130
817 925 910 1024 ἔντη
928 921 1130 1043 Αντιγὸνῃ·

406 1036 469 1100 ἐπὶ
504 1027 782 1146 χρυσεόνωτον
822 1036 868 1100 ἁ·

341 1119 464 1185 σπίδα
504 1118 575 1185 τὰν
614 1123 847 1196 Καπανέως

135 1225 179 1288 Cf.
203 1226 339 1292 Eust.ath
361 1251 394 1310 p
415 1249 487 1308 707,
505 1230 555 1290 60.
577 1232 652 1290 coll
672 1228 747 1309 678,
767 1233 817 1290 αδ.
855 1232 1018 1292 Praeterea
1038 1229 1139 1292 Heath

132 1313 193 1373 huc
211 1315 347 1374 refert
325 1337 448 1376 versum
471 1317 524 1394 qui
544 1316 886 1420 ap.Stob.p1aecessit,
908 1313 945 1383 οὗ
961 1311 1018 1402 γὰρ
1037 1316 1140 1382 ἐσθλὰ

132 1399 326 1466 κατθανοῦσα
344 1411 498 1484 κερτομεῖν
517 1404 556 1466 ἐπ
561 1397 780 1484 ’iripoimf
770 1423 805 1461 m
826 1425 963 1464 errorem
982 1405 1139 1478 inductus,
1245 1441 1250 1448 -

133 1488 242 1564 quod'
232 1509 267 1546 m
290 1490 337 1548 ed
363 1489 450 1552 Grot.
473 1489 588 1548 lemma
608 1490 781 1565 Euripides
802 1491 972 1568 Antigona
993 1490 1032 1550 ed
1053 1489 1137 1549 huuc

132 1591 254 1632 velsum
278 1577 433 1655 appictum
456 1584 509 1636 cst.
555 1573 633 1638 Eutu
655 1584 803 1653 tanquam
823 1574 1019 1651 Archilochi,
1051 1577 1139 1635 cuius

131 1678 288 1804 {¹3:2⁸⁰
311 1661 358 1721 ed.
379 1660 507 1724 Gesner.
528 1660 659 1736 indicat,
681 1680 752 1720 oum
772 1662 812 1721 fr
833 1659 925 1724 XVII.
948 1662 1140 1742 comparavit

131 1945 158 2003 Τ
190 1863 264 2004 1)in
301 1863 385 1923 Stob.
409 1863 549 1944 Append.
578 1863 661 1926 Flor.
689 1882 721 1942 p.
743 1861 929 1941 20:389,
957 1883 1009 1942 ap,
1039 1860 1134 1923 (ζαὴς,

262 2045 354 2112 Nion
381 2048 511 2113 νέοισι
539 2043 787 2131 συννοσοῦσι
819 2041 986 2126 τάφανῆ,

433 2546 827 2632 ΑΝΤΙΟΡΑ.

125 2730 293 2845 Antiopes
314 2765 450 2826 fabulam
472 2768 563 2827 multi
584 2767 797 2848 explicarunt,
819 2781 895 2840 quos
913 2772 1135 2824 commemorat

124 2855 266 2932 Heynius
286 2853 324 2912 ed
346 2851 491 2932 Apollod.
512 2853 548 2928 V,
565 2853 594 2930 5,
616 2856 644 2912 5.
666 2872 706 2909 ex
724 2849 874 2926 Euripide
894 2847 1007 2926 Hygiu.
1028 2849 1088 2908 fati.
1105 2851 1132 2909 8.

125 2943 246 3017 Nyctei
268 2942 356 3015 regis
376 2942 411 2996 in
433 2941 569 2996 Boeotia
585 2940 663 3017 suit
672 2939 752 3012 filia
775 2938 928 3008 Antiope.
958 2938 1037 2992 Eius
1051 2935 1134 3012 for·
1190 2941 1200 2957 ”

124 3047 197 3084 mae
220 3027 359 3082 bonitate
380 3023 503 3098 Iupiter
527 3025 689 3081 adductus
711 3019 887 3098 gravidam
900 3019 998 3096 fecit.
1029 3025 1133 3100 Quam

117 3125 219 3189 pater
250 3131 344 3186 quum
370 3111 488 3184 punire
515 3111 610 3168 vellet
630 3120 764 3184 propter
793 3117 938 3180 stuprum
966 3109 1131 3178 minitans,

116 3198 302 3275 periculum
322 3195 465 3272 Antiopa
488 3195 619 3274 effingit.
659 3195 777 3254 Casu'
764 3213 799 3250 in
820 3193 926 3248 eodem
949 3192 1034 3266 loco,
1072 3211 1132 3280 quo

82 3281 89 3292 “
120 3286 185 3342 illa
200 3292 410 3358 pervenerat,
431 3281 584 3358 Epaphus
606 3280 690 3359 (eliis
710 3287 756 3338 est
773 3270 944 3353 Επωπεῦς)
967 3271 1131 3356 Sicyonius

121 3369 244 3430 stabat.
292 3370 324 3427 Is
350 3367 510 3424 mulierem
538 3369 706 3428 advectam
733 3366 822 3424 domo
846 3366 1047 3422 matrimonio
1075 3385 1131 3422 suo

119 3455 238 3512 iunxit.
286 3453 332 3510 Id
367 3453 509 3526 Iiycteus
541 3474 640 3532 aegre
664 3455 781 3532 ferens
810 3469 903 3528 quum
939 3461 1129 3519 moneretur,

118 3541 208 3618 Ipso
228 3535 343 3615 fratri
371 3555 426 3593 suo
450 3559 510 3613 per
535 3541 775 3598 obtestationem
802 3537 954 3605 mandat,
989 3537 1042 3592 cui
1063 3545 1130 3591 tum

118 3643 258 3704 regnum
279 3622 489 3697 relinquebat,
510 3646 547 3682 ne
569 3629 693 3700 impune
716 3625 859 3698 Antiope
874 3621 996 3698 ferret.
1019 3620 1129 3676 Huius

112 3723 192 3786 post
213 3721 350 3766 mortem
363 3709 468 3783 lycus
490 3712 652 3786 Sicyonem
671 3714 769 3769 venit
798 3705 975 3782 Interfecto
997 3703 1143 3779 Epapho

118 3798 298 3871 Antiopam
319 3797 462 3853 vinctam
484 3794 654 3857 abduxit
641 3817 676 3854 tn
697 3793 936 3860 Cithaeronem,
953 3793 1048 3864 parit
1070 3811 1129 3868 ge-

119 3885 224 3940 minos
255 3893 286 3938 et
313 3882 474 3955 relinquit.
515 3884 601 3958 Quos
615 3893 731 3955 pastor
753 3877 918 3947 educavit,
954 3879 1067 3935 Zetum
1096 3889 1141 3932 et⁴

118 3965 332 4043 Amphionem
361 3969 555 4041 nominarit,
593 3967 736 4040 Antiopa
768 3963 893 4021 Diroue
928 3965 1022 4020 uxori
1050 3963 1129 4038 Ipsi

120 4053 208 4110 data
229 4064 301 4110 erat
322 4055 356 4108 in
379 4055 569 4111 cruciatum.
608 4055 674 4125 Ea,
700 4052 894 4108 occasionem
914 4059 1031 4118 necta,
1061 4047 1128 4124 fu·
1213 4111 1217 4120 .

116 4159 187 4215 gae
215 4159 247 4194 se
274 4138 458 4208 mendacin
491 4138 619 4197 devenit
640 4137 687 4196 ad
700 4137 789 4212 filios
812 4155 896 4193 suos.
944 4137 991 4192 Ex
1015 4133 1129 4210 quihus

119 4228 221 4284 Zetus
248 4225 435 4283 existimans
455 4225 644 4303 fugitivam
670 4245 732 4283 non
761 4219 971 4362 ιιοεΡὶιἛΙα
997 4217 1129 4276 eundem

169 4313 254 4370 Tem.
278 4308 342 4368 IX.
1157 4306 1164 4317 ¹
