2784 4916
259 465 323 532 att
477 467 725 537 PELIADES.
759 470 1038 540 PHARTHON.

258 649 305 704 est
319 640 401 723 apud
416 641 545 724 Hesych.
573 663 603 708 v.
627 637 796 730 Καταβολῆ
818 666 848 726 p·
864 665 937 712 200.
961 649 1015 710 ubi
1036 641 1193 732 καταβολή
1215 649 1261 712 le·-

257 730 653 895 gqqdqvmpesqqqitterarum
667 735 761 792 series
777 742 936 814 monstret,
949 744 980 794 et
990 733 1051 806 MS.
1069 733 1163 796 hauet
1177 738 1261 817 apud

320 915 482 978 Praeterea
504 915 642 979 Elmslei.
665 915 705 976 ad
726 912 798 979 Eur.
824 917 914 978 Mede
928 934 1021 1000 1019,
1035 931 1085 979 ao.
1099 919 1161 982 hnc
1176 923 1260 984 reie-

256 1002 385 1062 rendam
407 1003 498 1063 etiam
524 1012 627 1064 censet
650 1003 782 1084 glossam
807 1001 971 1084 Hesychii:
1021 996 1122 1090 Kcixq.
1162 1007 1259 1074 πελία.

255 1081 395 1167 ἥαακία.
414 1081 493 1152 itti
509 1089 561 1172 τῆς
577 1089 649 1170 ἐμῆς
664 1081 772 1173 xtiuqcc
792 1094 963 1174 κακουχίας.
992 1109 1083 1168 quam
1102 1095 1146 1154 sic
1163 1093 1259 1156 corri-

256 1173 314 1254 git:
343 1163 444 1256 Κιίκη.
458 1177 556 1238 κακία.
590 1166 751 1238 flaicinis.
772 1169 851 1238 itte
865 1177 920 1258 τῆς
936 1173 1008 1258 ἐμῆς
1020 1169 1125 1260 κάκης.
1149 1197 1260 1246 κακου-

255 1263 331 1342 χίας.
369 1258 436 1320 Nec
464 1260 606 1334 obstare,
640 1260 724 1338 quod
743 1259 826 1319 idem
847 1257 1078 1326 hemistichium
1106 1265 1205 1329 ctiam.
1222 1267 1258 1328 in

259 1344 368 1406 Medea
384 1345 475 1406 soie.
489 1344 619 1428 legitur,
639 1352 724 1428 patet
738 1365 754 1404 e
769 1345 808 1406 n.
826 1349 850 1410 Ι.
866 1349 906 1409 11.

648 1567 857 1589 m

484 1701 1025 1850 ensuruon

251 1973 341 2080 Nec
363 2003 402 2072 dc
421 2005 520 2072 huius
534 2011 657 2078 fabulae
680 2015 861 2094 argumento
884 2011 988 2074 dicere
1002 2009 1171 2094 quidquam
1185 2015 1254 2072 atti·

253 2108 326 2175 net3
350 2108 460 2159 notum
477 2093 625 2162 est'enim
641 2101 784 2160 omnibus
798 2101 904 2163 velex
921 2098 1030 2160 Ovidii
1046 2097 1252 2178 Metamorph.

252 2187 274 2246 l.
292 2206 317 2243 1.
333 2195 465 2244 exeunte
482 2195 512 2245 et
526 2183 617 2245 initio
633 2185 657 2244 i.
674 2200 703 2244 2.
745 2183 807 2244 Sed
822 2187 944 2264 insigne
957 2185 1182 2246 incrementum
1204 2205 1254 2244 ce·

252 2280 370 2352 pernnt
392 2272 457 2329 eius
480 2266 604 2331 fabulae
625 2271 815 2350 fragments,
845 2271 1026 2330 detectisin
1043 2270 1184 2330 Parisino
1200 2291 1254 2328 co·

252 2357 323 2416 dice
343 2356 461 2418 duobus
482 2357 589 2430 foliis,-
616 2356 652 2414 in
678 2357 788 2434 quibus
810 2355 1009 2418 Phaethontis
1023 2357 1174 2435 reliquiae
1194 2357 1254 2414 ali-

252 2450 327 2524 quot
349 2442 482 2520 scriptae
502 2453 608 2516 erant,
637 2442 691 2501 sed
707 2443 928 2522 superinducta
942 2443 1001 2502 alie
1016 2444 1168 2522 scriptura
1182 2461 1254 2502 rur·

249 2548 300 2587 aus
317 2527 447 2586 deletae.
483 2525 511 2586 ia
533 2537 580 2586 est
599 2526 700 2587 codex
721 2529 974 2592 Cleremcntsnus
999 2529 1196 2610 epistolarum
1222 2527 1252 2591 S.

251 2611 352 2686 Pauli,
380 2613 457 2672 olim
478 2621 604 2673 notatus
628 2631 715 2676 uum.
734 2615 839 2690 2245,
862 2634 946 2674 nuuc
965 2633 1034 2692 107.
1051 2613 1134 2694 apud
1149 2612 1253 2674 Grics·

250 2697 393 2760 bachium
417 2699 519 2757 littera
537 2697 576 2763 D.
603 2700 755 2780 signatus,
785 2701 898 2759 litteris
914 2700 1091 2759 maiusculis
1106 2701 1140 2759 in
1154 2719 1252 2758 meus-

248 2787 347 2845 brana
361 2785 541 2843 tenuissima
556 2793 588 2845 et
599 2783 731 2864 levigata
744 2783 929 2847 nitidissime
943 2788 1084 2866 scriptus.
1119 2785 1189 2846 Post
1201 2785 1252 2843 io·
1286 2805 1291 2809 ·

248 2871 326 2939 lium
346 2869 415 2929 161.
431 2869 610 2946 deficiente,
631 2876 666 2930 ut
681 2870 813 2945 videtur,
834 2871 940 2931 charta
951 2889 1138 2952 pergamena
1152 2871 1251 2931 libra·

173 2973 177 2980 ’
248 2959 312 3020 rius
329 2956 390 3016 duc
405 2957 482 3016 foiia
495 2957 574 3018 alius
589 2957 706 3018 codicis
720 2957 854 3038 arripuit
869 2967 915 3030 et,
936 2959 1063 3038 antiqua
1085 2956 1250 3038 scriptura,

247 3059 362 3120 lixivio
384 3061 531 3135 sortasse,
561 3059 676 3135 deletu,
704 3059 1017 3138 epistolum-HPOG
1039 3063 1198 3124 ΚΟΡΝΘ
1221 3067 1252 3126 Α

247 3144 412 3290 ίαιῦτίρΤείῑ.
445 3145 508 3290 lqu
527 3163 566 3204 so
582 3145 1071 3311 gliscerqalq‘qrutdii'setstqrqiuqqiq
1079 3144 1249 3288 quisqqm.

247 3251 281 3290 au
326 3272 333 3289 .
377 3251 466 3291 ‚vo.
509 3271 517 3287 .
559 3269 681 3290 ...
761 3251 834 3293 .e.
873 3249 943 3290 em.
1019 3245 1147 3290 scaea
1197 3251 1249 3288 m·

247 3317 372 3394 laitung
392 3319 427 3374 in
451 3317 503 3376 dic
525 3227 695 3395 δι’)αίινιίίίη
718 3319 774 3374 dac
796 3319 840 3380 N.
861 3317 908 3398 B,
926 3316 990 3376 voi.
1007 3315 1027 3376 i.
1055 3337 1086 3397 p.
1105 3313 1248 3395 59ltsqq·

231 3397 427 3460 'Grieshach
448 3402 483 3460 in
505 3402 643 3480 Symbol.
670 3403 738 3462 crit.
759 3397 829 3463 Vol.
846 3397 882 3458 ΙΙ.
904 3420 936 3480 p.
953 3402 1006 3464 51.
1031 3409 1062 3461 et
1081 3402 1156 3461 inde
1180 3400 1247 3482 Hug

246 3484 373 3548 Einlcit.
397 3487 432 3545 in
455 3488 508 3544 das
527 3487 564 3546 N.
584 3485 620 3544 T.
634 3485 657 3544 i.
681 3507 713 3567 p.
731 3488 803 3548 241.
839 3483 952 3546 Versus
969 3488 1139 3546 nonnullos
1153 3504 1194 3548 ex
1208 3488 1247 3547 iis

245 3573 425 3653 fragmentis
439 3573 536 3632 edidit
548 3572 719 3648 Wststein,
740 3574 794 3632 sad
810 3591 921 3652 parum
936 3573 1118 3653 diligenter,
1139 3592 1246 3632 emen-

245 3659 349 3720 dando
372 3662 465 3720 etiam
489 3660 651 3722 restituere
675 3669 707 3720 et
730 3659 798 3740 ipae
820 3667 948 3718 conatus
965 3668 1012 3719 est
1033 3669 1064 3718 et
1085 3668 1157 3740 post
1175 3679 1247 3718 eum

244 3745 421 3822 Semierus5
438 3743 492 3806 sed
509 3745 653 3806 audacius
670 3755 817 3824 uterque,
836 3763 928 3826 quam
943 3745 1081 3824 peritius.
1124 3742 1246 3802 Primus
1373 3803 1374 3808 ,

242 3832 321 3891 solia
348 3833 498 3918 rescriqita
529 3830 701 3895 accuratius
731 3829 923 3890 examinavit
952 3825 1007 3890 vir
1037 3825 1244 3903 doctissimus,

244 3913 340 3977 iienr.
369 3915 466 3992 Haec,
504 3937 587 3976 nunc
608 3917 745 3978 Drasdea
767 3915 956 3977 assmvandis
979 3916 1115 3994 antiquis
1136 3917 1245 3974 statuis

243 4002 430 4082 praefectus,
453 3997 522 4060 tum
538 4023 632 4082 quum
649 4024 733 4063 anno
755 4003 846 4064 1818.
868 4011 899 4062 et
913 4023 957 4081 sq.
998 4002 1121 4062 Parisiis
1138 4017 1245 4062 versa-

241 4090 349 4164 batur,
384 4095 416 4146 et
445 4107 551 4150 omues
577 4088 725 4166 reliquiar
747 4088 993 4161 accuratissime,
1024 4081 1244 4148 ut-ocidoium

241 4173 339 4234 aciem
348 4180 384 4254 'st
397 4181 509 4234 natura
524 4193 627 4236 acrem
639 4183 672 4236 et
686 4172 873 4238 deliniendo
888 4173 1088 4236 caucinum
1099 4173 1243 4251 habehat,
