2778 4922
266 561 306 630 66
651 561 884 630 ΑΝΤΙΟΡΑ.

266 739 368 800 locum
389 737 491 796 Dirce
506 754 565 812 per
585 733 826 800 bacchationem
846 734 957 796 Liberi
977 735 1057 794 illuc
1080 735 1191 796 delata
1212 749 1273 796 eet.

266 825 319 885 Ibi
341 823 513 898 Antiopam
539 836 698 897 repertam
727 824 775 882 ad
802 835 935 882 mortem
962 819 1165 880 extrahebat.
1209 824 1274 882 Sed

266 911 306 968 ab
328 909 497 986 educatore
512 919 644 986 paetore
666 910 883 990 adolescentee
906 909 1055 964 certiores
1071 907 1177 986 facti,
1202 927 1272 966 eam

266 1015 329 1054 erre
349 1007 484 1052 matrem
505 1013 615 1067 cuam,
645 995 791 1053 celeriter
813 995 973 1052 consecuti
994 1005 1129 1052 matrem
1146 995 1272 1069 eripue-

194 1131 197 1142 .
264 1094 340 1140 runt
347 1102 359 1151 ,¹
395 1083 520 1140 Dircen
549 1079 597 1136 ad
624 1092 754 1139 taurum
783 1080 927 1139 crinibus
949 1081 1125 1158 religatam
1147 1093 1270 1138 necant.

263 1170 384 1243 lucum
404 1185 475 1222 cum
498 1166 642 1222 occidere
662 1168 797 1238 veilent,
834 1168 937 1226 vetuit
957 1184 1009 1222 ece
1031 1167 1217 1223 Mercuriue
1240 1178 1273 1223 et

265 1254 362 1316 eimul
388 1254 482 1310 iueeit
508 1251 627 1327 &cum
647 1252 817 1312 concedere
838 1271 972 1327 regnum
993 1249 1177 1327 Amphioni.
1219 1247 1271 1308 Si*

266 1339 398 1398 millima
419 1335 515 1395 tradit
534 1336 681 1416 Apollod.
705 1339 728 1398 1.
750 1357 776 1396 a.
819 1335 904 1396 Idem
935 1347 1150 1413 argumentum
1179 1353 1271 1396 eccu-

264 1435 332 1484 rate
352 1432 531 1504 persecutus
554 1433 600 1482 εει
623 1422 773 1484 Valcken.
797 1422 886 1484 diatr.
908 1441 934 1482 ο.
957 1439 987 1498 7
1016 1443 1048 1504 p.
1072 1423 1111 1484 ⁵8
1135 1441 1200 1501 eqq.

330 1533 351 1592 1.
386 1532 521 1636 Etymol.
554 1531 593 1590 M.
621 1533 757 1611 p.411,
788 1551 836 1591 11.
875 1529 1271 1636 zitola-etpum-

265 1610 314 1684 ίίτι
332 1613 353 1700 ἡ
373 1611 472 1701 μήτηρ
496 1617 591 1682 αὐτον
572 1610 759 1701 ἔζήτει’
726 1615 861 1702 εομαρῶς
882 1626 978 1681 τεκεῖν
1002 1612 1111 1733 adedo,
1148 1608 1190 1692 ε’ίς
1210 1640 1272 1702 φη-

266 1729 316 1770 σιν
342 1700 528 1806 Είριπίδης·

354 1794 430 1852 Τὸν
449 1788 518 1868 μὲν
541 1781 750 1894 κικλήσκει
775 1789 929 1892 Ζήθον·
949 1781 1118 1894 ἐζήτησε
1136 1811 1207 1873 γορ

355 1869 551 1939 Τόκοισιν
571 1869 788 1956 εὐμάρειαν
809 1873 828 1956 ή
850 1871 1018 1940 τεκοῦσά
1038 1898 1112 1938 νιν.

247 1959 399 2040 .Etym01.
423 1959 501 2019 Gud.
529 1981 558 2038 p.
582 1961 655 2036 230,
677 1961 729 2038 57.
766 1956 960 2064 Εὐριπίδης
955 1961 1070 2040 σαφῶς
1097 1954 1275 2040 ίτυμολογεῖ

263 2049 295 2111 ἓν
313 2039 465 2150 ᾉντιίπη.
510 2042 634 2130 ζητήσαι
659 2039 717 2130 γὰρ
746 2039 883 2110 τόκοισιν
908 2042 1070 2130 εὗμοίρειιιν
1096 2043 1116 2127 ἦ
1142 2045 1271 2108 τεκοῦσα

263 2127 348 2217 μονή
390 2131 427 2190 ln
449 2127 586 2210 Etymol.
616 2141 662 2196 eet
688 2127 837 2213 κίκλησκε.
877 2131 1052 2214 Eprologo
1073 2131 1151 2193 haec
1173 2131 1272 2210 petita

263 2239 329 2279 εεεε
357 2218 413 2277 vix
440 2219 548 2296 negari
576 2226 695 2298 potest3
736 2237 806 2276 eum
834 2239 908 2278 vero
934 2238 1023 2298 agere
1046 2238 1112 2276 non
1132 2217 1270 2296 potuisse

263 2304 420 2384 Antiopen
440 2313 585 2381 apparet,
607 2325 665 2362 nec
684 2314 840 2382 pastorem
862 2325 952 2376 eum,
981 2304 1034 2382 qui
1056 2323 1171 2381 pueros
1193 2303 1270 2361 edu·

263 2391 361 2462 cavit,
396 2389 424 2447 ei
447 2409 521 2446 vera
541 2390 633 2447 lectio
655 2399 700 2448 est
722 2385 885 2470 κικλήσκει
928 2389 1018 2448 Nihil
1045 2389 1141 2468 igitur
1169 2388 1270 2470 relin-

264 2476 385 2573 quitur,
422 2474 483 2532 nisi
510 2483 545 2532 ut
575 2495 592 2532 a
617 2474 676 2532 deo
699 2474 821 2553 aliquo,
854 2475 985 2534 fortasse
1007 2475 1176 2550 Mercurio,
1217 2476 1271 2554 qui

264 2561 356 2620 etiam
385 2559 505 2618 exitum
534 2559 658 2618 fabulae
687 2561 848 2640 expedivit
876 2581 936 2620 rec.
964 2559 1076 2639 Hygia.
1105 2563 1270 2640 prologum

262 2656 364 2706 actum
388 2665 453 2704 esse
474 2653 652 2706 statuamus.
697 2643 816 2710 Eodem
838 2646 921 2706 haud
942 2647 1035 2706 dubie
1055 2649 1192 2726 pertinet

326 2756 360 2818 11.
396 2755 531 2860 Etymol.
555 2755 595 2816 M.
620 2778 649 2836 p.
674 2759 779 2832 99,ίι.
814 2754 894 2839 λέγει
920 2762 952 2820 Ε
956 2753 1135 2836 ’ριπίιληςι
1117 2781 1133 2822 ο
1163 2781 1269 2844 τραγι-

260 2841 314 2916 κίι·
336 2837 517 2926 ἐτυμολόγης
547 2842 623 2943 (leg.
639 2839 836 2948 ἐτνμολομων
861 2864 929 2902 cum
950 2783 1098 2903 Malcken.
1119 2844 1210 2904 diatr.
1237 2867 1268 2926 p.

262 2927 313 2990 62.
321 2927 336 3008 )
357 2953 392 3014 ιο
383 2921 585 3010 Ἀμφίων,
573 2918 621 2992 ιίτι
639 2926 777 3008 Ἀμφίων
791 2921 916 3070 ἐκλήθη
937 2924 1022 3012 παρὰ
1042 2923 1097 3011 τήν
1116 2925 1268 3036 lipparim,

259 3010 351 3098 ἤγουν
379 3013 464 3100 παρὰ
489 3011 525 3077 τὸ
557 3012 640 3098 παρὰ
670 3011 820 3088 (sicMS.
845 3015 931 3114 apud·
949 3014 1078 3092 Valck)
1107 3017 1164 3094 τὴν
1192 3012 1269 3081 ὁδὸν

258 3125 397 3184 γεννηη
349 3101 398 3182 θη
398 3123 461 3164 ναι.
504 3121 594 3178 quam
626 3099 845 3197 etymologiam
876 3099 974 3160 irrisit
1001 3101 1154 3182 Aristoph
1184 3103 1268 3184 apud

153 3247 158 3258 .
260 3185 380 3246 Polluc.
398 3183 520 3260 lX‚36.
551 3183 684 3284 Utraqpe
707 3185 825 3244 notatio
848 3195 894 3244 eet
915 3186 998 3268 apud
1021 3185 1132 3268 Hygin
1155 3187 1218 3248 fab
1239 3207 1267 3266 7.

259 3293 336 3350 quoe
353 3285 504 3347 portares
519 3291 589 3346 pro
604 3273 672 3344 cuir
695 3273 873 3330 educarunt
892 3285 923 3330 et
944 3276 1149 3352 appellarunt
1168 3279 1270 3336 Zeton

259 3354 319 3422 ἀπὸ
340 3379 397 3422 του
382 3347 568 3459 ζητεῖν
532 3381 645 3465 τοπην,
674 3359 811 3461 alterum
832 3370 940 3416 autern
959 3353 1231 3436 Amphionem,
1221 3352 1269 3426 (iu

260 3445 293 3507 ἐν
314 3435 446 3524 διίδῳ”
427 3469 446 3528 η
467 3431 518 3505 ο’τι
536 3439 612 3525 ἀμφι
605 3403 764 3506 iilo
729 3439 821 3506 αυτὸν
840 3433 949 3510 ἔτεκεν.
984 3443 1071 3507 Nam
1082 3465 1138 3525 p10
1157 3439 1269 3530 Ζήθοι-

257 3529 408 3608 seriptum
431 3529 524 3588 etiam
545 3531 697 3610 reperitur
717 3530 823 3612 Ζητος.
866 3521 903 3586 ln
923 3531 1054 3612 prologo
1077 3544 1268 3596 memoratae

259 3618 352 3675 etiam
374 3614 519 3676 videntur
540 3613 672 3694 Hysiae,
697 3615 736 3674 de
758 3615 867 3694 quibus
892 3625 937 3675 εει
958 3617 1041 3698 opud

320 3725 372 3786 lM.
400 3725 547 3826 Stephap.
569 3724 641 3804 Byz.
663 3746 693 3786 v.
714 3723 804 3829 Ὑρία
833 3719 918 3810 χώρα
938 3724 1070 3809 πλησίον
1088 3723 1268 3806 Αὐλίδος,-

254 3806 395 3884 Ἡσίοδος
414 3808 483 3876 dii
469 3813 502 3874 io
517 3805 601 3896 ‘Ypip
622 3805 677 3892 τήν
691 3805 852 3895 Ἀντιόπην
872 3813 946 3894 φησί
969 3814 1132 3896 γενέσθαι,
1168 3813 1268 3914 Eppo-

251 3893 570 3996 πίιληςδένὛσίμ,
594 3898 710 3958 ubine
734 3918 803 3956 cum
827 3899 1024 3978 Valckeustp.
1047 3899 1097 3960 62.
1127 3901 1267 3980 corrigas

251 3974 381 4056 Υσιαῖς,
412 3983 556 4063 prohibet
577 3984 664 4042 locus
685 3986 750 4062 qui
760 3985 898 4062 sequitur
915 3978 1015 4058 Tala,
1043 3979 1135 4058 πόλις
1159 3992 1267 4050 Βοιω-

254 4071 336 4140 τίας,
365 4068 448 4133 καλ
434 4069 541 4140 ενικῶς
560 4091 611 4131 και
603 4065 856 4178 πληθυντικῶς.
895 4068 1136 4170 Harpocration,
1156 4069 1266 4146 Yoiuo,

288 4152 379 4256 -τής
399 4157 553 4225 Βοιωτίας
574 4145 730 4228 πόλις,
711 4180 747 4238 ης
765 4149 947 4236 μνημονεύει
967 4156 1019 4220 καί
1042 4152 1246 4240 Εὐριπίδης’
1231 4183 1266 4222 ιν

250 4232 403 4328 Ἀντιόπη.
437 4240 497 4296 Sed
518 4237 621 4317 potuit
641 4241 734 4300 etiam
756 4239 835 4302 haee
850 4242 922 4304 urbe
944 4242 989 4303 ibi
1011 4245 1262 4323 commemorari,
