2818 4924
367 1041 946 1136 CRESPHONTES.

553 1255 761 1272 Ἤ

154 1375 315 1475 Fabulam
332 1418 455 1470 ommi
469 1407 617 1489 Hygini.
640 1411 709 1487 137.
733 1411 801 1470 184.
838 1405 1049 1488 Polyphontee
1071 1409 1160 1468 Mee-

154 1502 260 1556 eeniae
276 1517 332 1554 rex
350 1495 571 1573 Cresphontem
587 1495 809 1556 Aristomachi
819 1495 930 1571 filium
947 1515 1041 1573 quum
1056 1495 1159 1553 inter-

148 1585 304 1663 fecieect,
340 1585 409 1639 eiue
438 1585 606 1659 imperium
634 1596 666 1641 et
691 1587 842 1658 Meropen
864 1603 992 1642 uxorem
1009 1583 1161 1658 poeeedit.

157 1673 234 1730 Cum
250 1688 312 1745 qua
330 1667 560 1744 Polyphontee,
589 1671 690 1728 occieo
711 1667 917 1744 Cresphonte,
948 1687 1083 1746 regnum
1104 1688 1159 1728 oc-

155 1758 299 1832 cupavit.
335 1754 453 1810 Filium
480 1765 588 1812 autem
613 1757 682 1811 eiue
707 1755 869 1832 infantem
892 1753 1020 1829 Merope
1044 1764 1159 1824 mater,

155 1863 246 1920 quem
267 1860 304 1896 ex
327 1839 525 1914 Cresphonte·
535 1837 674 1899 habebat
681 1882 692 1911 ,
722 1829 876 1898 aoeeome'
890 1839 939 1898 acl
957 1838 1111 1916 hospitem
1125 1840 1160 1895 in

155 1927 318 1984 Aetoliam
346 1926 526 1982 mandavit.
570 1928 667 1983 Hunc
688 1923 900 2004 Polyphontes
923 1930 1064 1984 maxima
1089 1945 1161 1982 cum

155 2011 322 2070 industria
343 2009 532 2083 quaerebat,
569 2028 743 2087 aurumque
763 2011 996 2086 pollicebatur,
1034 2013 1063 2067 ei
1088 2013 1159 2085 quis

156 2117 227 2154 eum
241 2105 392 2151 necasset.
425 2095 486 2172 Qui
497 2106 668 2170 postquam
683 2097 730 2152 acl
735 2095 888 2170 puberem
906 2107 1045 2152 oetatem
1061 2098 1159 2164 uenit,

157 2183 246 2258 capit
262 2180 444 2254 concilium,
465 2193 501 2238 ut
518 2193 707 2257 exsequatur
726 2182 837 2255 patrie
860 2193 892 2238 et
904 2181 1057 2262 fratrum
1076 2199 1161 2236 rnor-

156 2281 228 2326 tem.
269 2268 385 2342 Itaque
409 2269 497 2323 venit
519 2266 565 2324 od
585 2286 694 2343 regem
709 2268 773 2325 Pol
788 2264 934 2340 phontem
948 2287 1063 2326 aurum
1076 2269 1163 2342 peti-

157 2367 241 2419 tum,
272 2353 380 2410 dicens
396 2371 428 2407 ee
446 2349 649 2426 Cresphontie
667 2356 752 2410 inter
774 2355 872 2408 ecieee
881 2355 990 2428 filium
1007 2365 1038 2410 et
1054 2355 1161 2412 Mero-

152 2461 210 2518 pee
248 2434 476 2514 Telephontcm.
518 2441 656 2496 Interim
680 2459 736 2494 rex
761 2458 830 2496 eum
850 2441 946 2496 iueeit
966 2443 1001 2496 in
1025 2437 1162 2514 hospitio

157 2545 301 2598 manere,
322 2534 359 2580 ut
379 2524 516 2598 amplius
541 2523 580 2580 de
600 2541 636 2581 eo
655 2526 869 2600 perquireret.
910 2527 972 2603 Qui
988 2543 1084 2602 quum
1100 2545 1162 2600 per

156 2609 379 2672 lassitudinem
401 2606 624 2680 obdormieeet,
651 2630 763 2680 ceneri,
792 2613 847 2686 qui
867 2612 952 2668 inter
976 2624 1111 2670 matrem
1130 2625 1163 2672 et

149 2701 260 2774 filium
281 2697 498 2754 internuntius
521 2706 610 2769 erat,
635 2696 721 2772 flene
741 2695 788 2752 ad
805 2699 957 2772 Meropen
978 2700 1081 2771 uenit,
1108 2718 1163 2760 nez·

155 2803 240 2862 gone
260 2801 330 2837 eum
356 2779 444 2856 apud
462 2779 617 2855 ltoepitem
636 2800 702 2837 eece
726 2800 783 2836 nec
806 2800 996 2856 comparere.
1034 2785 1163 2858 Merope

158 2868 288 2928 credone
303 2885 372 2924 eum
388 2884 454 2922 eece
469 2866 540 2939 filii
561 2867 610 2923 eui
627 2865 885 2942 interfectorem,
906 2871 960 2943 qui
975 2868 1164 2946 dormiebat,

156 2960 192 3014 in
209 2951 430 3014 Chalcidicum
447 2971 517 3008 cum
531 2953 638 3008 eecuri
651 2955 738 3008 venit
741 2991 754 3024 ,
776 2953 881 3006 meua
900 2963 937 3008 ut
944 2953 1054 3024 filium
1073 2973 1163 3012 euum

156 3037 374 3111 interficeret,·
399 3055 489 3112 quem
504 3053 598 3092 cenea
620 3037 770 3113 cognovit
791 3047 822 3092 et
841 3047 975 3096 matrem
992 3037 1031 3096 ab
1046 3040 1163 3100 ecelere

158 3123 308 3184 retraxit.
328 3119 412 3198 (vid.
431 3119 470 3178 fr.
488 3117 600 3197 ΧΙΙΙΙ)
620 3123 751 3196 Merope
763 3132 933 3199 poetquam
946 3124 1047 3194 cidit,
1070 3144 1163 3184 occa-

158 3199 277 3270 eionem
299 3206 362 3264 eibi
384 3207 496 3267 datam
518 3226 583 3278 eece
607 3207 647 3264 ab
670 3210 798 3264 inimico
814 3227 846 3265 ee
862 3209 1059 3282 ulciscendi,
1079 3214 1166 3275 redit

159 3317 230 3354 cum
251 3292 448 3370 Polyphonte
469 3296 505 3350 in
526 3298 682 3370 gratiam.
720 3295 792 3352 Rex
808 3293 912 3352 loetue
925 3315 1017 3372 quum
1032 3315 1097 3353 rem
1115 3300 1166 3359 die

158 3385 266 3443 vinam
276 3381 428 3457 faceret,
448 3377 561 3454 hoepee
574 3379 668 3458 soleo
693 3381 862 3438 simulauit
882 3401 915 3439 ee
937 3379 1071 3440 boetiam
1086 3405 1167 3460 per.

160 3469 313 3538 euertisse,
333 3482 462 3540 eumque
479 3466 647 3543 interfecit
657 3469 864 3544 patriumque
880 3486 1014 3544 regnum
1031 3470 1167 3544 adeptae

160 3566 216 3613 eet.
262 3549 307 3608 Cf.
331 3547 459 3608 Peusen.
481 3547 582 3624 1V‚3.
617 3571 648 3630 p.
675 3549 748 3612 286.
782 3551 965 3631 Apollodor.
997 3549 1044 3627 ΙΙ,
1075 3557 1105 3628 8,
1138 3557 1167 3614 st.

162 3639 303 3714 Meropes
325 3631 411 3709 filio,
440 3633 491 3714 qui
517 3637 554 3694 ab
575 3636 643 3694 eliis
667 3640 799 3717 Aepytus
820 3647 966 3709 vocatur,
997 3639 1079 3716 apud
1101 3637 1164 3697 Eu-

159 3723 295 3802 ripidem
316 3723 431 3779 no‘men
449 3719 543 3780 fuisse
560 3721 771 3802 Cresphontis,
794 3742 835 3779 ex
852 3721 1006 3780 Eustratio
1026 3745 1049 3784 s.
1068 3727 1165 3806 Aspa-

161 3811 207 3872 eio
230 3809 269 3868 ed
295 3807 420 3868 Aristot.
450 3804 549 3864 Ethic.
571 3807 630 3882 ΙΙΙ,
653 3827 679 3866 1.
716 3808 823 3866 docuit
844 3805 997 3886 Muegrev.
1028 3809 1079 3872 καὶ
1102 3812 1168 3874 ἔστι

161 3891 241 3976 παρ’
258 3889 408 3974 Εὐριπίδῃ
428 3891 462 3954 ἓν
475 3891 518 3972 τῷ
531 3886 714 3972 Κρεσφόντη
728 3885 969 3976 ἐπιβουλεύουσα
985 3885 1169 3990 Κρεσφόντῄ

163 3979 205 4063 τῷ
227 3981 299 4060 υἱῷ,
320 3974 360 4052 ὥς
380 3973 533 4059 πολεμίῳ,
564 3976 608 4040 δι’
624 3973 760 4060 iiyrotcr.
801 3975 849 4039 cf.
872 3979 913 4041 fr.
936 3977 1003 4039 XV.
1080 3995 1083 4002 ’

225 4095 363 4158 l-Vll.
398 4094 666 4176 (xli-XVlll.)
699 4096 810 4158 Strabo
837 4090 914 4157 Vlll.
947 4119 979 4178 p.
1009 4097 1081 4159 563.
1119 4099 1167 4160 ed.

164 4183 314 4244 Almelov.
337 4203 369 4276 p.
394 4200 464 4262 ¹9¹·
492 4182 646 4259 Teuchn„
671 4182 750 4268 Περὶ
767 4179 802 4248 δὲ
823 4183 875 4268 τῆς
897 4178 1014 4266 φύσεως
1033 4185 1093 4249 τῶν
1113 4181 1185 4248 et··
