2818 4924
269 454 327 516 108
503 477 514 494 .
573 440 948 514 BELLEROPHON.
990 539 997 550 ι

330 624 368 684 Χ.
399 618 493 701 (Xl.)
527 619 611 682 Stob.
634 621 676 684 ib.
703 643 736 704 p
757 625 834 684 205.
858 623 946 684 Grot.

343 721 418 790 Ἀεὶ
440 719 511 871 ydp
533 717 656 812 ἄνδρα
678 724 819 788 σκαιὸν
841 718 1009 812 ἰσχυρὸν
1032 721 1150 808 φύσει

346 800 465 894 ἧσσον
514 806 1200 892 έδοικατᾶοθινοῦςτεκαὶσοφοῦ

261 917 376 992 Magia
391 911 548 970 timendus
563 917 615 994 qui
630 925 716 975 tener
732 933 882 1017 magnum
895 917 981 992 rapat
987 956 998 985 ,
1024 917 1126 998 Quam
1140 915 1264 973 roboria

260 1001 361 1080 quipl
361 1019 435 1054 ιιιιιι
449 1001 578 1076 ingenio
594 1011 698 1056 vacat.
729 993 828 1076 σοφόν
850 1000 954 1059 dicere
976 1001 1098 1062 videtur
1117 1010 1263 1078 astutum,

259 1085 298 1144 ad
316 1085 446 1142 insidias
467 1081 624 1142 iaciendas
645 1079 802 1146 solertem.

321 1185 356 1244 ln
377 1206 475 1244 unum
496 1186 599 1245 locum
622 1185 733 1264 collegi
755 1207 807 1264 ea,
838 1185 872 1246 in
896 1187 1005 1266 quibus
1028 1185 1066 1246 de
1089 1186 1209 1246 invidia
1232 1197 1261 1246 et

258 1271 339 1334 dolis
368 1293 468 1332 sermo
497 1281 561 1344 est,
598 1280 652 1350 ut,
686 1293 804 1332 summa
825 1274 909 1354 quasi
930 1293 1036 1332 eorum
1058 1273 1160 1352 aliqua
1180 1273 1261 1334 sacta

257 1366 289 1420 et
308 1357 364 1416 sub
386 1378 450 1416 uno
472 1367 638 1436 conspectu
658 1359 776 1438 posita,
806 1359 1000 1438 aliquantum
1030 1357 1068 1418 ad
1098 1359 1192 1418 totius
1212 1359 1261 1416 sa-

257 1443 349 1506 bulae
371 1453 585 1521 argumentum
604 1452 635 1504 et
652 1443 892 1521 descriptionem
913 1444 1163 1524 perspiciendam
1186 1465 1259 1524 pro·

255 1527 309 1590 fici
335 1539 449 1607 posset.
490 1527 555 1590 lllis
578 1528 669 1588 affine
695 1539 741 1588 est
762 1537 976 1608 argumentum
1003 1531 1041 1590 sr.
1064 1529 1116 1588 tx.
1162 1528 1260 1590 lndu·

256 1625 323 1674 utus
345 1615 450 1692 itaque
473 1613 598 1674 videtur
618 1614 747 1692 aliquis,
776 1616 830 1697 'qui
855 1615 995 1694 linvidia,
1028 1615 1116 1688 dolo,
1147 1613 1259 1676 fraude

165 1709 171 1718 ’
255 1701 388 1760 aliorum
410 1701 523 1778 petitus
553 1709 632 1774 erat,
664 1702 796 1776 sortasse
821 1702 888 1780 ipse
917 1699 1188 1780 Bellerophontes,
1225 1709 1259 1773 ut

143 1808 148 1820 ¹
255 1786 362 1866 colligi
382 1786 455 1860 inde
476 1787 593 1864 possit,
629 1787 721 1862 etiam
741 1786 869 1852 insidias
891 1783 1129 1868 Bellerophonti
1148 1790 1185 1846 ab
1207 1785 1258 1845 lo-

253 1871 324 1932 bate
346 1880 496 1952 structas,
531 1873 569 1930 ab
592 1872 646 1930 illu
668 1881 843 1949 superatas,
879 1873 966 1952 (vid
988 1871 1023 1934 ll
1048 1869 1083 1946 ζῬ
1107 1871 1201 1948 187)
1223 1875 1257 1932 in

253 1957 359 2018 fabula
381 1957 534 2036 expositas
556 1958 662 2018 luisse.
691 1955 769 2016 Mihi
793 1967 891 2025 autem
913 1959 1100 2038 probabilius
1122 1955 1256 2035 videtur,

252 2042 527 2124 Bellerophontem
554 2040 810 2127 μελαγχολῶιια
814 2053 846 2106 et
875 2043 958 2104 vitae
995 2044 1079 2102 inter
1113 2043 1255 2104 homiues

251 2129 367 2190 {randis
404 2140 435 2190 et
469 2128 655 2199 insidiarum
691 2129 810 2211 plenae
836 2139 1008 2209 pertaesum
1044 2128 1125 2213 (vid.
1155 2127 1189 2190 ll.
1219 2125 1256 2206 ζ’,

250 2231 315 2275 200
335 2213 464 2292 sqq.)
454 2233 488 2272 ιιι
517 2214 639 2272 coelum
668 2214 855 2274 adscendere
882 2214 1045 2296 voluisse,
1068 2224 1103 2296 ut
1116 2233 1255 2296 securus

251 2301 335 2364 inter
363 2301 436 2360 deos
465 2308 565 2378 ageret
592 2317 725 2372 aevum,
761 2308 792 2357 et
820 2299 879 2361 hac
913 2302 1074 2363 occasione
1100 2299 1255 2365 irridendi

249 2375 410 2464 Euripidis
448 2393 571 2462 arrepta
601 2382 879 2462 Aristophanem
869 2405 904 2447 ιιι
932 2383 1009 2445 Pate
1038 2385 1142 2450 fabula
1169 2381 1254 2465 Try·

181 2481 184 2500 ¹
249 2493 356 2550 gaeum
384 2471 585 2528 scarabaeo'
576 2489 609 2526 in
639 2470 760 2528 coelum
788 2469 966 2532 tendentem
992 2471 1119 2545 secisse,
1153 2471 1198 2532 lta
1218 2483 1254 2532 ut

249 2559 305 2616 illa
328 2555 446 2614 Comici
466 2555 582 2613 sabula
591 2565 648 2635 pro
668 2556 798 2635 parodia
818 2556 1002 2638 Euripideae
1022 2559 1129 2619 habeti
1149 2559 1253 2637 possit.

248 2641 367 2704 Eodem
388 2649 526 2738 spectare
548 2643 690 2722 suspicor
709 2661 762 2713 ea,
804 2662 882 2758 quae
900 2643 1044 2722 proxime
1065 2645 1206 2724 opposui.

301 2775 512 2922 gripum)
533 2777 619 2838 stou.
643 2778 689 2837 ιιι.
712 2779 763 2838 88.
793 2797 823 2858 Ρ.
844 2777 915 2839 ιοι.
940 2743 1038 2844 sse-'sn'
1054 2797 1103 2864 90
1125 2801 1157 2876 Ρ
1175 2777 1250 2846 885

247 2873 278 2924 et
329 2884 373 2922 ars

309 2960 424 3030 Οοιι’
411 2959 455 3028 ἄν
472 2967 635 3068 γένοιτο
656 2958 874 3072 τραυματ’,
901 2958 946 3050 ἦν
972 2990 1027 3038 τις
1033 2948 1186 3070 ἒγξὺσ9

306 3045 477 3129 θάμνοις
497 3043 662 3156 ilatum,
689 3041 813 3114 οὐδ”
791 3073 844 3125 αν
860 3041 898 3110 ἔκ
919 3049 1070 3156 μηι9ὀς
1086 3073 1206 3156 κακης

307 3133 449 3208 ἐσθλοὶ
469 3137 651 3220 γένοιντο
673 3131 868 3208 nardac'
835 3159 894 3217 εις
909 3130 1046 3224 etune
1061 3129 1199 3218 δορός.

244 3243 314 3305 Nee
336 3260 377 3299 νιι
380 3240 449 3296 laus
472 3239 571 3295 ullum
594 3237 764 3304 verberans
788 3229 950 3322 inflixeris
972 3233 1072 3318 [ιιιιοο
1088 3260 1134 3314 pa
1137 3241 1247 3312 lustri,

243 3347 299 3385 nee
327 3323 431 3382 malae
462 3326 578 3380 matria
599 3321 702 3402 gemm
729 3323 887 3381 Libratie
907 3323 1019 3382 hastae
1043 3325 1208 3408 pondue'
1195 3347 1247 3382 ιιι-

242 3411 370 3488 trepida
392 3429 497 3466 ιηαιιιι.
544 3433 677 3492 ιαιμοτ
692 3453 701 3484 ‚
736 3403 775 3488 ἥν
803 3431 820 3468 e
849 3420 1050 3478 coniectura
1050 3431 1161 3510 scripsi
1188 3431 1246 3490 pro

240 3497 361 3578 τραῦμα
387 3495 415 3556 εἰ
442 3490 524 3574 quod
552 3403 722 3554 (irdtiuni
712 3495 747 3552 in
769 3505 826 3554 not
827 3495 851 3552 is
878 3493 984 3578 Msptis
1006 3498 1175 3556 coniecisse
1197 3505 1245 3555 te·

241 3591 339 3640 statur
370 3577 462 3647 Gaisf
502 3575 591 3640 Barn.
623 3577 742 3660 τραῦμά
766 3581 802 3664 γ’
814 3626 822 3655 ,
852 3584 888 3645 εἰ.
937 3581 1016 3643 Tum
1051 3604 1107 3662 pro
1120 3577 1245 3682 εγξὺσ9

241 3667 356 3743 (Gesn.
391 3675 422 3726 et
457 3652 550 3724 Gaisf.
579 3661 711 3763 ἐνξὺσῃ)
739 3663 849 3726 fleath.
817 3667 982 3728 hscribit
1010 3664 1132 3774 ὲγξὲση,
1171 3686 1245 3746 qma

239 3748 346 3853 lygitur]
374 3751 579 3832 penultimam
609 3752 777 3831 producat,
812 3746 950 3836 θάμνοις
980 3740 1106 3832 ἕλείους
1116 3751 1243 3812 Salmas.

239 3839 277 3898 ad
300 3841 397 3897 Sulin.
421 3859 452 3922 p.
475 3839 547 3898 323.
573 3838 778 3919 probantibus
809 3834 917 3924 Grotio
948 3851 978 3900 et
990 3836 1120 3944 Heath.
1170 3837 1242 3928 Non

237 3927 353 4018 probe,
383 3925 409 3982 si
430 3934 598 3982 ostentam
620 3927 721 3996 alicui
738 3925 896 3983 raderes

292 4056 368 4114 Xtt.
391 4051 490 4131 (Xltl.
502 4051 617 4132 )Stob.
639 4056 686 4120 tit.
712 4076 760 4134 7¹·
785 4079 813 4140 p.
827 4059 909 4118 438.
934 3999 1027 4122 Gauii.
1043 4059 1106 4202 73.
1122 4059 1240 4210 9389.

239 4145 324 4204 Grot.
346 4151 376 4199 et
398 4139 491 4197 Gaias.
