2778 4922
233 444 275 504 lto
582 437 893 504 ALEXANDER

235 612 335 676 Locus
350 614 464 692 petitus
478 625 533 690 est,
554 615 638 696 quod
652 613 803 676 iudicavit
820 611 947 672 Person
960 609 985 672 l.
1002 631 1030 670 c.
1043 610 1185 671 eCsio‘
1166 612 1247 694 υπὲρ

237 696 412 805 Λουκιλλης
425 701 506 780 apud
521 701 609 764 Stob
626 702 676 762 tit.
691 699 743 778 67.
765 721 795 780 p.
814 700 888 778 [νας.
910 695 1000 756 Gesn.
1013 697 1059 756 u'r.
1075 695 1127 776 69.
1148 698 1247 761 Gaisf.

216 796 217 807 ¹
241 780 458 864 ‹Doldctouat'
462 784 497 851 dd
518 812 548 851 rs
570 782 748 869 πικρότερον
769 787 865 849 εἰπεῖν
886 777 996 846 dod
965 805 999 844 το
1022 782 1075 864 τῆς
1098 790 1248 868 μητρυιᾶς

240 868 345 951 ὄνομα.
387 868 552 936 Πολλὰ
507 897 575 983 γαρ
597 871 799 981 opostlpucuo
820 871 880 933 τῶν
901 861 1057 972 ὄνομότων
1079 867 1122 944 εἲς
1146 875 1250 934 πίστιν

239 956 426 1063 ἀπεχθείας,
464 957 517 1022 nal
546 955 672 1064 μητρυιὰ
701 952 868 1062 δυσκόλως
875 947 1044 1036 ἀληθεύειν
1063 950 1249 1065 πιπεόεεπι·

241 1040 303 1104 Au
328 1039 363 1108 δὲ
391 1041 428 1106 οὔ
455 1052 522 1118 ταῖς
548 1039 659 1127 φήμαις
682 1045 742 1107 τῶν
767 1034 922 1123 ὀνομάτων
943 1039 1154 1124 ἐξελέγχεσθαι
1178 1041 1252 1115 τοὺς

242 1121 381 1209 τρόπους

308 1228 449 1289 Tandem
473 1228 665 1291 Bernesius
655 1251 689 1290 m
711 1226 790 1289 Add.
818 1226 856 1286 ad
878 1225 960 1286 huuc
982 1223 1116 1288 fabulam
1140 1226 1252 1290 retulit

244 1323 307 1374 tres
329 1315 416 1375 locos
439 1318 548 1396 tragici
569 1317 673 1378 Latini
687 1335 752 1374 nou
767 1312 919 1372 nominati
932 1312 1013 1392 apud
1027 1312 1124 1373 Cicer.
1142 1315 1180 1374 de
1195 1315 1252 1374 Di·

244 1401 310 1466 νόει.
326 1399 348 1476 Ι,
363 1400 417 1462 51.
450 1405 517 1476 Sed
531 1407 610 1481 quid
626 1405 726 1461 oeulis
741 1409 797 1461 eto.
825 1399 946 1468 Adest,
968 1398 1061 1456 adm
1081 1409 1138 1458 etc·
1159 1403 1253 1460 Iam-

137 1553 140 1559 *
247 1507 305 1564 que
330 1489 415 1549 mari
438 1507 571 1566 magno,
609 1500 675 1548 tum
702 1488 806 1546 locum
832 1495 1107 1544 commemoratum
1135 1487 1253 1546 ibidem

246 1592 275 1634 c.
291 1571 341 1631 50.
366 1569 468 1644 Eheu,
492 1575 596 1633 videte
614 1583 673 1637 etc.
696 1571 822 1632 tandem
844 1570 969 1630 tertium
991 1569 1068 1633 ibid.
1088 1569 1123 1644 11,
1142 1571 1193 1632 56.
1226 1575 1254 1632 O

247 1671 359 1716 sancte
381 1655 497 1734 Apollo
519 1670 575 1718 etc.
616 1657 655 1718 Et
675 1666 735 1720 tres
758 1656 875 1736 prims
893 1655 1016 1734 quidem
1037 1656 1123 1718 10008
1145 1655 1256 1716 qus·

249 1743 364 1802 sundra
378 1745 574 1822 pronuntiari
590 1754 674 1804 etex
687 1742 841 1802 sententia
856 1761 964 1800 eorum
978 1751 1081 1824 patet,
1097 1752 1129 1802 et
1146 1741 1277 1804 Cicero‘

248 1829 318 1904 ipse
336 1838 482 1907 testatum
503 1841 534 1890 et
554 1839 684 1910 possunt
704 1849 744 1888 ex
764 1824 859 1887 Ennii
874 1826 1053 1886 Alexandro
1069 1829 1164 1907 petite
1180 1849 1256 1889 esse.

249 1911 371 1974 Ennius
383 1935 458 1974 vero
473 1917 523 1976 vel
537 1917 615 1975 elius
624 1915 753 1996 tragicus
766 1921 871 1972 utrum
884 1912 1021 1972 fabulum
1036 1934 1124 1972 susm
1137 1933 1257 1974 emuna

249 1997 407 2078 Euripidis
432 2002 609 2062 Alexandro
629 1997 832 2079 expresserit,
868 2017 909 2056 uu
932 1998 1035 2078 plures
1058 2001 1260 2060 coniunxerit

183 2136 186 2149 .
251 2094 305 2145 aut
317 2085 356 2146 de
371 2108 426 2146 suo
442 2089 559 2166 aliquid
574 2086 744 2161 addiderit,
760 2085 912 2144 incertum
928 2092 982 2146 est.
1007 2082 1144 2145 Eodem
1135 2107 1204 2146 rure
1218 2087 1259 2146 ad

250 2172 461 2234 Alexandrum
483 2175 596 2234 referri
619 2173 712 2232 ctiam
731 2169 829 2251 possit
848 2167 928 2228 illud
949 2170 1031 2250 quod
1048 2170 1161 2249 legitur
1182 2173 1259 2233 ibid.

252 2276 280 2317 c.
298 2273 353 2328 αι.
394 2249 479 2336 Quia
495 2272 597 2317 mater
611 2259 755 2336 gravido
770 2264 827 2314 etc.
850 2254 934 2331 quod
953 2253 1015 2315 huo
1035 2258 1144 2316 retulit
1165 2259 1259 2317 ctiam

197 2400 203 2404 .
253 2340 363 2406 Heeth.
391 2353 422 2402 et
446 2365 473 2404 c.
488 2343 539 2405 51.
560 2342 782 2420 Praesagibat
800 2344 1000 2401 autmusetc.
1041 2341 1145 2400 Minus
1165 2339 1259 2402 itiam

254 2436 372 2488 certum
396 2436 457 2504 est,
489 2429 528 2488 ad
543 2449 632 2507 quam
646 2427 781 2488 fabulam
798 2433 916 2506 spectet
928 2425 1016 2486 locus
1035 2447 1261 2488 commemore-

254 2523 304 2570 tus
322 2512 396 2572 ibid.
412 2535 437 2573 c.
453 2514 503 2588 50,
523 2514 593 2586 114,
630 2513 722 2574 Eleu
736 2513 840 2570 videte
856 2519 912 2572 etc.
928 2519 959 2570 et
976 2511 1010 2580 ΙΙ,
1029 2513 1080 2572 56.
1106 2515 1134 2574 0
1150 2529 1260 2574 sancte

255 2599 370 2673 Apollo
387 2609 446 2660 etc.
469 2621 559 2680 quem
576 2610 739 2678 utrumque
756 2595 920 2658 Beruesius
936 2596 975 2656 ad
992 2597 1152 2678 Euripidis
1170 2600 1261 2659 fabu-

254 2684 319 2742 lam
340 2683 498 2763 pertinere
522 2689 647 2744 censuit.
684 2684 799 2744 Osann.
814 2693 915 2743 autern
933 2683 952 2741 l.
971 2704 998 2744 c.
1017 2704 1047 2763 p.
1063 2683 1134 2742 534.
1154 2705 1262 2747 versus

255 2770 370 2828 incerti
384 2772 493 2849 tragici
507 2794 525 2832 e
537 2771 687 2830 Cicerone
710 2772 748 2829 de
770 2778 847 2832 erut.
864 2765 912 2840 ΙΙΙ,
932 2765 981 2827 26.
996 2780 1027 2829 et
1042 2769 1091 2828 58.
1112 2769 1263 2846 laudatos,

257 2857 346 2914 Nam
364 2866 490 2933 sopiens
505 2867 562 2918 etc.
592 2857 719 2935 Ecquid
731 2856 847 2916 video?
863 2863 920 2912 cto.
946 2857 1033 2933 Quid
1042 2869 1152 2930 petam
1164 2878 1264 2932 prac-

242 2941 324 2998 -sidi
339 2951 396 2999 eto.
446 2945 583 3021 Opater
600 2944 639 3004 ud
655 2943 736 3002 hanc
752 2940 887 3000 fabulam
903 2939 1014 3013 refert,
1045 2943 1180 3020 quorum'
1201 2944 1263 3002 duo

184 3035 187 3044 ’
257 3028 424 3104 posteriora
450 3029 621 3109 fragmenta
648 3048 689 3087 ex
715 3024 930 3087 Andromacha
953 3025 1046 3085 Ennii
1072 3028 1170 3106 petita
1198 3049 1263 3087 esse

258 3112 372 3170 rectius
387 3112 506 3174 iudicat
522 3115 652 3175 Bentlei.
675 3112 714 3172 ad
729 3111 857 3172 Tuscul.
878 3110 955 3190 disp.
971 3109 1025 3188 ΙΙΙ,
1046 3129 1095 3191 19.
