2822 4920
601 437 738 518 lucu.
1130 449 1170 534 9⁵

166 631 356 709 propositam
376 626 472 686 fuisse
496 625 607 706 coHigo
629 647 646 685 e
666 625 707 686 fr.
731 631 754 685 I.
781 635 812 687 et
840 647 856 686 e
888 627 985 686 schol.
1016 627 1170 708 Aristopln

166 715 245 776 Ran.
275 733 367 774 1112.
393 714 445 791 qui
467 731 558 791 quum
573 711 751 818 Aeschylus
774 711 812 771 de
835 711 941 816 Eurip.
965 713 1125 789 dixisset,
1135 711 1171 776 οὗ
1277 739 1281 764 t

166 794 363 882 προαγωγοὺς
385 788 585 873 sortiter*
551 822 656 871 ουτος,
688 797 739 860 καὶ
755 791 912 873 τίκνσύσας
932 801 964 862 ἐν
983 809 1048 870 τοῖς
1069 803 1171 879 leonte,

167 895 313 947 unnotetr
349 887 463 967 ἔγραψε
484 881 541 966 γὰρ
564 879 618 963 τὴν
637 879 748 965 Αὔγην
769 880 935 947 ὠδίνουσαν
963 885 995 946 ἐν
1021 909 1063 966 τῳ
1091 886 1171 967 ἱερῷν

168 972 281 1030 Strabo
305 973 385 1028 XIII.
409 991 439 1048 p.
462 971 533 1044 915.
556 971 588 1028 B.
626 965 796 1072 Εὐριπίδης
826 966 895 1031 d’‘
880 963 939 1032 und
964 945 1067 1032 Ἀλέου
1097 943 1171 1051 φρσλ

167 1058 224 1120 τοῦ
251 1058 321 1155 τῆς
333 1050 437 1137 riiync
466 1046 580 1136 πατρὸς
607 1057 650 1128 εἰς
678 1049 813 1132 λάρνακα
840 1051 897 1132 τὴν
913 1051 1019 1137 Αὔγην
1042 1059 1173 1118 narnis

166 1145 281 1205 θεῖσαν
302 1130 364 1202 iius
384 1145 426 1220 τῷ
446 1136 536 1202 παιδὶ
559 1140 687 1220 Τηλέφῳ
707 1141 1002 1221 καταποντωθῆναι,
1036 1135 1172 1223 Ἀθηνᾶς

53 1233 58 1240 ’
167 1225 202 1290 δὲ
216 1231 359 1330 πρρνσίᾳ
389 1227 446 1304 τὴν
474 1221 610 1304 λάρνακα
638 1227 910 1304 περαιωθεῖσαν
898 1233 1033 1288 surressit
1062 1229 1106 1298 εἰς
1134 1224 1169 1289 τὸ

167 1308 266 1391 στόμα
293 1316 346 1375 τοῦ
373 1311 510 1374 Καΐκου·
546 1309 601 1372 τὸν
630 1307 663 1373 δὲ
698 1305 883 1386 Τεύθραντα
905 1306 1104 1416 ἀναλαβόντα
1133 1335 1171 1374 τα

167 1395 310 1479 σώματα,
332 1397 368 1488 τῇ
389 1396 444 1475 μὲν
465 1390 503 1494 uie
522 1419 635 1494 ruperit
621 1390 849 1478 χρήσασθαι,
880 1419 922 1475 τῳ
905 1391 1020 1458 ”63
999 1420 1038 1468 ως
1060 1397 1174 1460 ἑαυτοῦ

167 1479 265 1546 παιδί
305 1470 387 1540 Hsiec
410 1485 514 1540 omnia
535 1481 570 1538 in
594 1503 657 1540 una
683 1481 788 1539 fabula
811 1456 950 1540 exhib3ri
973 1501 1036 1538 non
1060 1497 1173 1559 potue*

167 1578 256 1627 runt:
283 1569 387 1626 nullus
406 1569 488 1626 enim
511 1568 700 1648 tragicorum
718 1585 896 1644 graecorum
916 1587 999 1640 rem,
1023 1587 1114 1644 quam
1136 1569 1172 1626 in

168 1675 261 1712 scena
282 1657 320 1711 ob
343 1655 449 1711 oculos
471 1654 576 1733 ponit,
600 1673 640 1712 ex
662 1653 755 1710 alio'
746 1673 780 1709 1n
806 1653 901 1710 elium
924 1654 1025 1711 locum
1046 1655 1173 1730 traiicit,

167 1741 212 1798 ira
233 1747 267 1797 ut
288 1741 374 1818 prior
395 1751 463 1818 pars
485 1737 614 1816 Tegeae,
637 1739 733 1796 altera
754 1738 787 1794 iu
810 1737 910 1816 Mysia
931 1747 1079 1817 ageretur.
1109 1736 1172 1798 lt'a-

169 1846 229 1904 que
265 1825 297 1882 in
332 1825 389 1883 hac
419 1823 685 1904 tragoedia'nihil
715 1824 846 1902 amplius
876 1823 1045 1884 exhibitum
1076 1825 1171 1886 fuisse

169 1911 324 1988 suspicor,
348 1911 467 1968 nisi'ea
491 1921 568 1987 quae
588 1911 691 1987 Angue
712 1909 830 1986 Tegeae
853 1911 1048 1982 acciderunt,
1072 1912 1172 1970 donee

168 1997 305 2074 Nauplio
327 1997 439 2056 tradita
462 1998 549 2054 etin
574 2015 657 2052 mare
681 2015 750 2052 cum
772 1995 837 2052 filio
862 1996 1001 2052 comesta
1023 2006 1082 2054 est:
1111 2012 1172 2073 quo

168 2085 252 2142 fecto
271 2083 412 2142 Minerva
432 2083 466 2140 in
489 2090 686 2160 conspectum
708 2080 862 2157 prodiisse
882 2089 913 2138 et
932 2081 1085 2155 quomodo
1106 2082 1174 2160 ipsa

168 2169 325 2228 fortunam
354 2169 458 2228 matris
487 2177 520 2225 et
548 2166 605 2226 filii
634 2164 830 2224 moderatum
858 2173 954 2239 esset,
983 2165 1172 2242 praedixisse

169 2255 303 2312 videtur.
341 2253 466 2336 Cetera,
487 2273 564 2331 quae
584 2251 701 2310 habent
721 2253 830 2310 Strabo
853 2261 884 2311 et
906 2250 974 2324 alii,
999 2250 1172 2333 aTelepho

170 2340 205 2398 in
236 2339 429 2417 cognominis
457 2339 636 2418 tragoediae
675 2338 804 2415 prologo
839 2345 966 2396 narrata
1002 2346 1085 2412 puto.
1125 2338 1173 2399 Cf

171 2423 259 2482 Puus
286 2427 369 2497 VIII,
394 2425 431 2498 lt,
455 2424 484 2484 5.
512 2443 543 2502 p.
573 2421 644 2484 606.
674 2424 730 2498 48,
752 2423 779 2480 5.
810 2443 841 2501 p.
867 2422 940 2501 698.
990 2419 1080 2481 Diod.
1111 2423 1174 2486 sie.

168 2497 221 2584 IV,
245 2509 294 2568 33.
329 2508 477 2568 Aloidam.
498 2507 547 2568 rh.
567 2529 598 2589 p.
625 2496 695 2584 185,
715 2511 763 2568 24.
788 2509 834 2568 ed.
858 2507 894 2568 H.
913 2505 1018 2588 Steph.
1039 2499 1077 2568 T.
1093 2513 1174 2587 VIII,

170 2616 201 2675 p.
224 2613 265 2675 70
289 2614 332 2672 sq.
361 2595 410 2656 ed.
434 2589 557 2654 Reiske.

234 2721 400 2802 1.(V111)
424 2723 509 2782 Stob.
526 2726 571 2783 tit.
589 2723 637 2782 18.
656 2739 686 2803 p.
708 2723 774 2782 164.
801 2722 893 2783 Gesn.
912 2723 954 2782 ib.
947 2737 998 2804 .p.
1017 2741 1067 2800 99.
1090 2724 1175 2786 Grot.

122 2881 126 2894 .
218 2830 348 2898 Nisi
366 2826 758 2936 σῖνοςέξέστησέμ
778 2828 992 2940 ὄμσλορῶ
987 2832 1029 2896 δέ
1050 2858 1089 2897 σε

215 2917 391 2982 titiensiu·
420 2915 518 2983 τὸδ
539 2913 738 3002 sidiuan
723 2919 855 2999 εγένεν
888 2913 1175 3001 σνχέκούσιον.

176 3033 258 3092 Vino
281 3042 423 3088 coactus
416 3049 536 3108 'nempe
550 3030 657 3108 seoi'
645 3031 820 3098 rru'uriom,¹
851 3027 987 3098 Fateor,
1013 3030 1119 3087 sedi
1092 3031 1178 3090 illud

172 3119 291 3174 crimen
317 3113 408 3172 haud
436 3119 557 3192 spontis
586 3123 672 3172 meae
703 3126 759 3171 est.
803 3110 1027 3192 Haeclocutus
1049 3115 1176 3175 videtur

171 3193 336 3260 Hercules:
373 3220 446 3261 nam
469 3199 568 3260 Alcid.
592 3187 611 3260 l.
635 3221 660 3258 o.
689 3219 719 3257 v.
740 3217 789 3274 99
829 3193 901 3260 ῖδὼν
927 3183 1007 3261 δὲ
991 3224 1006 3264 ο
1027 3193 1177 3284 Ηρακλῆς

171 3281 228 3366 τὴν
249 3283 347 3348 παῖδα
368 3281 552 3366 (Αὔγην)
538 3309 568 3348 εν
591 3287 633 3366 τῷ
655 3279 713 3364 νεῷ
743 3277 815 3346 iet
840 3285 971 3365 μέθης
992 3287 1173 3367 omsys'smsro

172 3372 213 3428 At
240 3392 313 3450 num
345 3367 509 3430 Herculem
536 3373 638 3430 statim
667 3382 737 3450 post
763 3371 962 3429 concubitum
992 3393 1062 3430 cum
1093 3372 1176 3450 Auge

173 3443 480 3520 confibulentemt
450 3467 480 3515 et
508 3455 629 3516 hanc
620 3478 655 3516 rn
683 3457 789 3514 eodem
814 3457 918 3515 fabula
940 3459 1113 3536 parientem
1138 3459 1174 3514 ab

171 3527 322 3620 Euripide
346 3543 506 3600 inductam
530 3564 594 3602 esse
613 3541 796 3601 credamus?
820 3537 995 3602 Absurdum
1018 3563 1093 3602 vero
1116 3541 1175 3600 hod

172 3637 262 3690 esset
296 3621 342 3684 tln
368 3625 560 3685 Herculem
552 3651 584 3686 1n
609 3629 669 3686 alia
691 3627 819 3708 quadem
842 3626 964 3684 subulae
987 3647 1079 3685 scena
1102 3648 1177 3706 pro*

172 3713 264 3772 diisse
289 3711 419 3770 ethaeo
445 3716 543 3791 Auges
565 3713 681 3772 dixisse
702 3712 861 3770 dicamus?
892 3710 1001 3769 Obstat
1020 3733 1095 3771 vero
1113 3715 1176 3776 νῦν.

137 3806 142 3811 ’
171 3798 276 3877 ltaque
302 3797 379 3856 nihil
401 3795 604 3879 relinquitur,
644 3799 703 3856 nisi
724 3807 759 3854 ut
778 3800 882 3874 Augen
903 3798 936 3854 in
960 3799 1088 3877 prologo
1109 3813 1175 3856 rent

172 3892 350 3942 narrantem
379 3884 475 3960 ipsius
499 3884 635 3944 Herculis
665 3883 766 3942 verbis
794 3903 877 3940 usum
904 3903 969 3942 esse
995 3884 1177 3954 iudicemus,

172 3979 207 4027 ut
235 3969 403 4028 Mercurius
431 3970 466 4027 in
496 3969 625 4046 prologo
655 3967 738 4027 lonis
770 3984 809 4044 29
841 3968 908 4045 ipsa
943 3965 1047 4026 fratris
1081 3969 1177 4025 verba

172 4055 317 4114 oratione
338 4063 422 4112 recta
445 4075 534 4133 quam
558 4063 673 4112 vocant
695 4054 791 4117 affert.
834 4052 868 4110 V.
896 4071 920 4110 r.
951 4052 1044 4110 Barn.
1064 4049 1177 4132 ὁμολο-

172 4143 218 4222 yoi
247 4135 282 4202 δέ
306 4163 356 4207 σοι
384 4149 420 4198 ut
448 4150 527 4200 esset
554 4135 697 4222 ὁμολογῶ
725 4137 759 4204 de'
785 4161 836 4230 σον
860 4133 975 4202 ἀδικεῖν
996 4161 1042 4217 με.
1083 4137 1178 4208 Quasi
